\end{thebibliography}
@inproceedings(	aad79
,author=	{Ayache, J. M. and Az\'{e}ma, P. and Diaz, M.}
,title=		{Observer: a concept for on-line detection of control errors in concurrent systems}
,booktitle=	{Proceedings of the 9th Symposium on Fault-Tolerant  Computing}
,year=		1979
,month=		jun
,address=	{Madison, WI}
,pages=		{1--8}
)

@techreport(	bmk88
,author=	{Boggs, D.R. and Mogul, J.C. and Kent C.A.}
,title=		{Measured Capacity of an Ethernet: Myths and Reality}
,institution=	{Digital Equipment Corporation, Western Research Laboratory, 100 Hamilton Avenua, Palo Alto, California}
,type=		{WRL Research Report 88/4}
,year=		1988
)

@article(	bob87
,author= 	{Bolognesi, T. and Brinksma, E.}
,title=		{Introduction to the {ISO} Specification Language {LOTOS}}
,journal=	{Computer Networks and ISDN Systems}
,volume=	14
,year= 		1987
,pages=		{25--59}
)

@article(	bud87
,author= 	{Budkowski, S. and Dembinski, P.}
,title=		{An Introduction to {ESTELLE} a Specification Language for Distributed Systems}
,journal=	{Computer Networks and ISDN Systems}
,volume=	14
,year= 		1987
,pages=		{3--23}
)


@inproceedings(	dog88
,author=	{Dobosiewicz, W. and Gburzy\'{n}ski, P.}
,title=		{Ethernet with Segmented Carrier}
,booktitle=	{Proceedings of IEEE Computer Networking Symposium}
,year=		1988
,month=		apr
,address=	{Washington, DC}
,pages=		{72--78}
)

@inproceedings(	dog89
,author=	{Dobosiewicz, W. and Gburzy\'{n}ski, P.}
,title=		{Improving fairness in {CSMA/CD} networks}
,booktitle=	{Proceedings of IEEE SICON'89}
,year=		1989
,month=		jul
,address=	{Singapore}
)


@inproceedings(	dgr90
,author=	{Dobosiewicz, W. and Gburzy\'{n}ski, P. and Rudnicki, P.}
,title=		{An {E}thernet-like {CSMA/CD} Protocol for High Speed Bus {LAN}s}
,booktitle=	{IEEE INFOCOM'90}
,year=		1990
,pages=		{238--245}
)

@article(	dgr90a
,author=	{Dobosiewicz, W. and Gburzy\'{n}ski, P. and Rudnicki, P.}
,title=		{On two Collision Protocols for High Speed Bus {LAN}s}
,journal=	{Computer Networks and ISDN Systems}
,year=		1990
,note=		{(Submitted.)}
)

@booklet(	est87
,key=		{Estelle}
,title=		{User Guide for the {NBS} Prototype Compiler for {E}stelle}
,address=	{U.S. Dept. of Commerce, National Bureau of Standards}
,howpublished=	{Report No. ICST/SNA - 87/3}
,month=		oct
,year=		1987
)

@inproceedings(	gbr87
,author=	{Gburzy\'{n}ski, P. and Rudnicki, P.}
,title=		{A Better-than-{T}oken Protocol with Bounded Packet Delay Time for Ethernet-type {LAN}'s}
,booktitle=	{Symposium on the Simulation of Computer Networks}
,publisher=	{IEEE}
,year=		1987
,month=		aug
,address=	{Colorado Springs, Co.} 
,pages=		{110--117}
)

@inproceedings(	gbr87a
,author=	{Gburzy\'{n}ski, P. and Rudnicki, P.}
,title=		{Using Time to Synchronize a {T}oken {E}thernet}
,booktitle=	{Proceedings of CIPS Edmonton '87}
,month=		nov
,year=		1987
,publisher=	{Canadian Information Processing Society}
,pages=		{280--288}
)

@article(	gbr88c
,author=	{Gburzy\'{n}ski, P. and Rudnicki, P.}
,title=		{A Virtual Token Protocol for Bus Networks: Correctness and Performance}
,journal=	{INFOR}
,volume=	27
,year=		1989
,pages=		{183--205}
)

@article(	gbr89a
,author=	{Gburzy\'{n}ski, P and Rudnicki, P.}
,title=		{A Note on the Performance of {ENET II}}
,journal=	{IEEE Journal on Selected Areas in Communications}
,month=		apr
,year=		1989
,volume=	7
,pages=		{424--427}
)

@article(	gbr90a
,author=	{Gburzy\'{n}ski, P. and Rudnicki, P.}
,title=		{{LANSF:} A Protocol Modelling Environment and its Implementation}
,journal=	{Software Practice and Experience}
,volume=	21
,number=	1
,year=		1991
,month=		jan
,pages=		{51--76}
)

@inproceedings(	gro86
,author=	{Groz, R.}
,title=		{Unrestricted Verification of Protocol Properties on a Simulation Using an Observer Approach}
,booktitle=	{Proceedings of the IFIP WG 6.1 6th Workshop on Protocol Specification, Testing, and Verification}
,year=		1986
,month=		jun
,publisher=	{North-Holland}	
,pages=		{255-266}
)

@book(		hol91
,author=	{Holzmann, G.J.}
,title=		{Design and Validation of Computer Protocols}
,publisher=	{Prentice-Hall Int.}
,year=		1991
)

@book(		htw86
,author=	{Hopper, A. and Temple, S. and Williamson, R.}
,title=		{Local Area Network Design}
,publisher=	{Addison-Wesley}
,year=		1986
)

@article(	lob88
,author=	{Logrippo, L. and Obaid, A. and Briand, J. P. and Fehri, M. C.}
,title=		{An Interpreter for {LOTOS}, A Specification Language for Distributed Systems}
,journal=	{Software Practice and Experience}
,month=         apr
,year=		1988
,volume=	18
,number=	4
,pages=		{365--385}
)

@article(	meb76
,author=	{Metcalfe, R.M. and Boggs, D.R.}
,title=		{Ethernet: Distributed Packet Switching for Local Computer Networks}
,journal=	{Communications of the ACM}
,year=		1976
,volume=	19
,number=	7
,month=		jul
,pages=		{395--404}
)

@article(	mis86
,author=	{Misra, J.}
,title=		{Distributed Discrete-Event Simulation}
,journal=	{ACM Computing Surveys}
,year=		1986
,volume=	18
,number=	1
,month=		mar
,pages=		{39--65}
)
