@inproceedings{gbm97,
author = {P. Gburzy\'{n}ski and J. Maitan},
booktitle = {Proceedings of Winter Simulation Conference WSC'97},
title = {Simulation and Control of Reactive Systems},
month = dec,
address = {Atlanta, Georgia},
year = 1997,
pages = "413-420"
}

@article{AMS82, 
          AUTHOR= "Anick, D. and Mitra, D. and Sondhi, M. M.",
          TITLE="Stochastic Theory of Data--Handling System with Multiple Sources.",
	  JOURNAL="The Bell Technical Journal",
          PAGES="1871",
          VOLUME="61",
          NUMBER="8", 
          YEAR=1982
}

@article{PITS94, AUTHOR="Pitsillides, A and Lambert, J.",
        TITLE="Adaptive connection admission and flow control : quality of service
              with high utilisation",
        JOURNAL="INFOCOM '94",
        PAGES="1083--1091", YEAR="1994"}

@inproceedings{btz95,
author = {Bianchi, G. and Trecordi, V. and Zangani, M.},
booktitle = {Proceedings of GLOBECOM'95},
title = {Approximate Analytical Models for regular Deflection Networks with Buffered Nodes and general Routing Strategy},
year = 1995,
pages = "1357-1363"
}

@article(wim96,
  author=    "B.C. Williams and P.P. Nayak",
  title=     "Immobile Robots {AI} in the {N}ew {M}illennium",
  journal=   "AI Magazine",
  volume=     17,
  number=     3,
  year=      1996,
  pages=     "16-35")

@inproceedings{win96,
author = {B.C. Williams and P.P. Nayak},
booktitle = {Proceedings of the 13th National Conference on Artificial
Intelligence (AAAI'96)},
title = {A Model-based Approach to Reactive Self-Configuring Systems},
month = aug,
address = {Portland, Oregon},
year = 1996
}

@article(Bou92,
  author=    "J-Y. Le Boudec",
  title=     "The Asynchronous Transfer Mode: a tutorial",
  journal=   "Computer Networks and ISDN Systems",
  volume=     24,
  year=      1992,
  pages=     "279-309")

@article(BSu91,
  author=    "J.J. Bae and T. Suda",
  title=     "Survey of Traffic Control Schemes and Protocols in ATM Networks",
  journal=   "Proceedings of the IEEE",
  volume=     79,
  year=      1991,
  pages=     "170-189")

@article(ChM91,
  author=    "A.K. Choudhury and N.F. Maxemchuk",
  title=     "Effect of a Finite Reassembly Buffer on the Performance of Deflection Routing",
  journal=   "Conference Record of the International Conference on Communications (ICC)",
  volume=     3,
  year=      1991,
  pages=     "1637-1646")

@article(HRL95,
  author=    "H-Y. Huang and T. Robertazzi and A.A. Lazar",
  title=     "A Comparison of Information Based Deflection Strategies",
  journal=   "Computer Networks and ISDN Systems",
  volume=     27,
  year=      1995,
  pages=     "1399-1407")

@article(NOR95,
  author=    "J.S. Naor and A. Orda and R. Rom",
  title=     "Scheduled Hot-Potato Routing",
  journal=   "Proceedings of IEEE INFOCOM'95",
  year=      1995)

@inproceedings{scs95,
author = {Schmidt, D.C. and Stephenson, P.},
booktitle = {Proceedings of the 9th European Conference on Object-Oriented
Programming},
title = {Experiences Using Design Patterns to Evolve Systems Software Across
Diverse {OS} Platforms},
month = aug,
address = {Aarhus, Denmark},
year = 1995
}

@inproceedings{olg98,
author = {Olesinski, W. and Gburzy\'{n}ski, P.},
booktitle = {Proceedings of WMC'98: Communication Networks and
Distributed Systems, Modeling and Simulation},
title = {Real-Time Traffic in Deflection Networks},
month = jan,
address = {San Diego, California},
year = 1998,
pages = {23--28}
}

@inproceedings{ugw95,
author = {Unger, B. and Gburzy\'{n}ski, P. and Williamson, C. et al},
booktitle = {Proceedings of the 1995 Winter Simulation Conference},
title = {A High Fidelity ATM Traffic and Network Simulator},
pages = {996--1003},
month = dec,
address = {Arlington, VA},
year = 1995
}

@inproceedings{gor95,
author = {Gburzy\'{n}ski, P. and Ono-Tesfaye, T. and Ramaswamy, S.},
booktitle = {Proceedings of SCSC'95},
title = {Modelling ATM networks in a parallel simulation environment: a case study},
pages = {869--874},
month = jul,
address = {Ottawa, Ontario, Canada},
year = 1995
}

@inproceedings{ggo95,
author = {Gburzy\'{n}ski, P. and Shankar, G.},
booktitle = {Proceedings of 33rd Annual Allerton Conference on Communication, Control, and Computing},
title = {A layered video coding algorithm for multimedia applications over ATM},
month = oct,
address = {Urbana, IL},
year = 1995,
note = {(In press.)}
}

@inproceedings{rof94,
author = {Romanow, A. and Floyd, S.},
booktitle = {Proceedings of the 1994 ACM SIGCOMM Conference on Communications Architectures},
title = {Dynamics of {TCP} Traffic over {ATM} Networks},
pages = {98-88},
month = aug,
address = {London, UK},
year = 1994
}

@article{jef85,
author = {Jefferson, D.R.},
journal = {ACM Transactions on Programming},
month = jul,
pages = {404-425},
title = {Virtual time},
volume = 3,
number = 7,
year = 1985
}

@article{bdg95,
author = {Baransel, C. and Dobosiewicz, W. and Gburzy\'{n}ski, P.},
journal = {IEEE Network Magazine},
pages = {38--61},
title = {Routing in Multi-hop Switching Networks: {G}bps Challenge},
number = 3,
year = 1995
}

@inproceedings{wch91,
author = {Williamson, C.L. and Cheriton, D.R.},
booktitle = {Proceedings of ACM SIGCOMM'91},
title = {Loss-Load Curves: Support for Rate-Based Congestion Control in High-Speed Datagram Networks},
pages = {17-28},
month = sep,
address = {Z\"{u}rich, Switzerland},
year = 1991
}

@inproceedings{caw94,
author = {Cao, Y. and Williamson, C.L.},
booktitle = {Proceedings of MASCOTS'95},
title = {The Loading Region: A Framework for the Performance Evaluation of Admission Control Policies for High Speed Networks},
month = jan,
address = {Durham, NC},
year = 1995
}

@inproceedings{guw94,
author = {Gupta, S. and Williamson, C.L.},
booktitle = {Proceedings of IEEE GLOBECOM'94},
title = {An Experimental Study of Video Traffic on an {E}thernet Local Area Network},
month = nov,
address = {San Francisco},
year = 1994
}

@inproceedings{baw94,
author = {Basil, N. and Williamson, C.L.},
booktitle = {Proceedings of IEEE IPCCC'94},
title = {Network Traffic Measurement of the {X}-Window System},
month = apr,
address = {Phoenix, AZ},
year = 1994
}

@inproceedings{fun92,
author = {Fujimoto, R.M. and Nicol, D.M.},
booktitle = {Proceedings 1992 Winter Simulation Conference},
title = {State of the art in parallel simulation},
pages = {122-127},
month = dec,
year = 1992
}

@inproceedings{ucc93,
author = {Unger, B.W. and Cleary, J.G. and Covington, A. and West, D.},
booktitle = {Proceedings 1993 Winter Simulation Conference},
title = {An External State Management System for Optimistic Parallel Simulation},
month = dec,
year = 1993
}

@article{lmi90,
author = {Lipton, R. and Mizell, D.},
title = {{T}ime {W}arp vs. {C}handy-{M}isra: A worst-case comparison},
journal = {Distributed Simulation, SCS Simulation Series},
month = jan,
pages = {137-143},
volume = 22,
year = 1990
}

@inproceedings{kuy90,
author = {Kubo, T. and Yoguchi, K.},
booktitle = {Proceedings of IEEE INFOCOM'90},
title = {{HIGHWAY TRANSFER: A New Packet Forwarding Technique for Real-Time Applications}},
pages = {403-408},
year = 1990
}

@inproceedings{dog96,
author = {Dobosiewicz, W. and Gburzy\'{n}ski, P.},
booktitle = {Proceedings of IEEE INFOCOM'96},
title = {A bounded-hop-count deflection scheme for {M}anhattan-street networks},
note  = {(To appear.)},
address = {San Francisco},
month = mar,
year = 1996
}

@inproceedings{tod92,
author = {Todd, T.D.},
booktitle = {Proceedings of IEEE INFOCOM'92},
title = {{The Token Grid: Multidimensional Media Access For Local and Metropolitan Netowrks}},
pages = {2415-2424},
year = 1992
}

@article{rub90,
author = {Rubin, I. and Baker, J. E.},
journal = {Proceedings of the IEEE},
month = jan,
pages = {168-203},
title = {{Media Access Control for High-Speed Local Area and Metropolitan Area Communications Networks}},
volume = 78,
year = 1990
}

@article{rss89,
author = {Ross, F.E.},
journal = {IEEE Journal on Selected Areas in Communications},
month = sep,
number = 7,
pages = {1043-1051},
title = {An Overview of {FDDI}: The Fiber Distributed Data Interface},
volume = 7,
year = 1989
}

@article{leb83,
author = {Lee, E.S. and Boulton, P.I.P.},
journal = {IEEE Journal on Selected Areas in Communications},
number = 5,
pages = {711-720},
title = {The principles and performance of {H}ubnet},
volume = 1,
year = 1983
}

@article{lbt88,
author = {Lee, E.S. and Boulton, P.I.P. and Thomson, B.W.},
journal = {IEEE Journal on Selected Areas in Communications},
number = 6,
pages = {1025-1032},
title = {{H}ubnet performance measurements},
volume = 6,
year = 1988
}

@article	{hak93,
author	=	{Hassanein, H.S. and Kamal, A.E.},
title	=	{A Study of the Behaviour of {H}ubnet},
journal =	{IEE PROCEEDINGS-E},
volume	=	{140},
number	=	{2},
month	=	mar,
year	=	1993,
pages	=	{134-144}
}


@techreport{cio89,
author = {Cidon, I. and Ofek, Y.},
institution = {IBM T.J. Watson Research Center},
title = {{METARING}---A ring with fairness and spatial reuse},
year = 1989
}

@ARTICLE{ofe94,
AUTHOR="Ofek, Y.",
TITLE="Overview of the {MetaRing} architecture",
JOURNAL="Computer Networks and ISDN Systems, North-Holland",
ADDRESS="Netherlands",
VOLUME=26,
PAGES="817-829",
YEAR=1994,
LANGUAGE="English",
REFERENCES=33,
ABSTRACT="In this work, we overview the MetaRing principles: (!)
Distributed global fairness algorithm, a simple and robust mechanism
based on a single control signal that regulates the access to the ring.
(2) Protocol for service integration (...) (3) Protocol andrequirements
of multi-ring and dual-bus MetaRing networks. (4) Principles and
requirements for interconnecting MetaRing with wide-area networks.",
KEYWORDS="HSLAN; LAN; MAN; ring network",
ENTRY="11/10/94",
ENTRYBY="se"
}

@INPROCEEDINGS{mab96,
AUTHOR="Marsan, M. Ajmone and Bianco, A. and Leonardi, E. and Meo, M.
and Neri, F.",
TITLE="On the capacity of {MAC} protocols for all-optical {WDM}
multi-rings with tunable trasmitters and fixed receivers",
BOOKTITLE="Proceedings of INFOCOM'96",
ADDRESS="San Fransisco, California",
DAY="24--28",
MONTH=mar,
YEAR=1996,
ABSTRACT="The paper considers medium access control protocols for
all-optical packet networks based on WDM multichannel ring topologies
where nodes are equipped with one fixed-wavelength receiver and one
wavelength- tunable transmitter. Such networks provide separate slotted
channels for transmissions to disjoint subsets of destination nodes.
Some simple access protocols based on local status information are
described; a channel inspection capability is assumed to be available
for the implementation of the access protocols. Since these protocols
are not able to enforce fairness by themselves, fairness control
algorithms derived from those adopted in the Metaring high-speed
metropolitan area network are also proposed. Analytical models are
presented to assess the capacity of the proposed protocols in uniform
traffic conditions, with a particular focus on the case where at each
node the packet to be transmitted is randomly selected among input
queues. In spite of the simplicity of the proposed access schemes, good
performance can be achieved, and the fairness problems inherent in the
considered network topologies can be overcome.",
ENTRYBY=Sc
}

@techreport{arm92
,author = {Armyros, S.}
,institution = {Computer Systems Research Institute}
,address = {Toronto, Ontario, Canada}
,title = {On the Behavior of {E}thernet: Are Existing Analytic Models Adequate?}
,type = {{CSRI}-259}
,year = 1992
}

@techreport{mol94
,author = {Molle, M.L.}
,institution = {Computer Systems Research Institute}
,address = {Toronto, Ontario, Canada}
,title = {A New Binary Logarithmic Arbitration Method for {E}thernet}
,type = {{CSRI}-298}
,year = 1994
}

@article(       hay64
,author=        {Hakimi, S.L. and Yau, S.S.}
,title=         {Distance Matrix of a Graph and Its Realizability}
,journal=       {Quarterly of Applied Mathematics}
,year=          1964
,volume=        22
,pages=         {305--317}
)

@article(       abr85
,author=        {Abramson, N.}
,title=         {Development of the {ALOHANET}}
,journal=       {IEEE Transactions on Information Theory}
,year=          1985
,volume=        {IT-31}
,pages=         {119--123}
)

@article(       cot92
,author=        {C\^{o}t\'{e}, R.G.A. and Smith, B.}
,title=         {Tapping Into Sockets}
,journal=       {Byte}
,year=          1992
,number=        3
,volume=	17
,month=		mar
,pages=         {261--266}
)

@article(       law77
,author=        {Law, A.M.}
,title=         {Confidence intervals in discrete-event simulation: a comparison of replication and batch means}
,journal=       {Naval Research Logistics Quarterly}
,year=          1977
,volume=        24
,pages=         {667--678}
)

@article(       dij71
,author=        {Dijkstra, E.W.}
,title=         {Hierarchical Ordering of Sequential Processes}
,journal=       {Acta Informatica}
,year=          1971
,volume=        1
,pages=         {115--138}
)

@article(       zar65
,author=        {Zaretski\u{\i}, K.A.}
,title=         {Postroenie dereva po naboru rsstoiani\u{\i} mezhdu visiatchimi vershinami}
,journal=       {Uspekhi Matematicheskikh Nauk}
,year=          1965
,volume=        20
,number=	6
,pages=         {90--92}
)

@article(       boe68
,author=        {Boesch, F.T.}
,title=         {Properties of the Distance Matrix of a Tree}
,journal=       {Quarterly of Applied Mathematics}
,year=          1968
,volume=        26
,pages=         {607--609}
)

@article(       pah72
,author=        {Patrinos, A.N. and Hakimi, S.L.}
,title=         {The Distance Matrix of a Graph and its Tree Realization}
,journal=       {Quarterly of Applied Mathematics}
,year=          1972
,volume=        30
,pages=         {255--269}
,month=         oct
)

@article(       fim86
,author=        {Fishman, G.S. and Moore, L.R.}
,title=         {An exhaustive analysis of multiplicative congruential random number generators with modulus $2^{31}-1$}
,journal=       {SIAM Journal on Scientific and Statistical Computing}
,year=          1986
,volume=	7
,pages=         {24--45}
)

@article(       dev81
,author=        {Devroye, L.}
,title=         {The computer generation of {P}oisson random variables}
,journal=       {Computing}
,year=          1981
,volume=	26
,pages=         {197--207}
)

@article(       mar68
,author=        {Marsaglia, G.}
,title=         {Random numbers fall mainly in the planes}
,journal=       {Proceedings of the National Academy of Sciences}
,year=          1968
,volume=	60
,pages=         {25--28}
)

@article(       siz82
,author=        {Sim\~oes-Pereira, J.M.S. and Zamfirescu, C.M.}
,title=         {Submatrices of Non-Tree-Realizable Distance Matrices}
,journal=       {Linear Algebra and its Applications}
,year=          1982
,volume=        44
,pages=         {1--17}
)

@book(		ghj94
,author=	{Gamma, E. and Helm, R. and Johnson, R. and Vlissides, J.}
,title=		{Design Patterns: Elements of Reusable Object-Oriented Software}
,publisher=	{Addison-Wesley}
,year=		1994
)

@article(       ell97
,author=        {Edwards, S. and Lavagno, L. and Lee, E.A. and
Sangiovanni-Vincentelli, A.}
,title=         {Design of Embedded Systems: Formal Models, Validation, and
Synthesis}
,journal=       {Proceedings of IEEE}
,year=          1997
,volume=        85
,number=        3
,pages=         {366--390}
)

@article(       plc97
,author=        {Paulin, P.G. and Liem, C. and Cornero, M. and Nacabal, F. and
Goossens, G.}
,title=         {Embedded Software in Real-Time Signal Processing Systems:
Application and Architecture Trends}
,journal=       {Proceedings of IEEE}
,year=          1997
,volume=        85
,number=        3
,pages=         {419--435}
)

@book(		ste92
,author=	{Stevens, W.R.}
,title=		{Advanced Programming in the {UNIX} Environment}
,publisher=	{Addison-Wesley}
,year=		1992
)

@book(		ahu74
,author=	{Aho, V.A. and Hopcroft, J.E. and Ullman, J.D.}
,title=		{The Design and Analysis of Computer Algorithms}
,publisher=	{Addison-Wesley}
,year=		1974
)

@book(		gbu96
,author=	{Gburzy\'{n}ski, P.}
,title=		{Protocol design for local and metropolitan area networks}
,publisher=	{Prentice-Hall}
,year=		1996
)

@book(		mdo87
,author=	{MacDougall, M.H.}
,title=		{Simulating Computer Systems: Techniques and Tools}
,publisher=	{MIT Press}
,year=		1987
)

@book(		che91a
,author=	{Chernicoff, S.}
,title=		{Macintosh Revealed, Volume One: Unlocking the Toolbox}
,publisher=	{Hayden Books}
,year=		1991
)

@book(		lkl93
,author=	{Lee, B.G. and Kang, M. and Lee, J.}
,title=		{Broadband Telecommunications Technology}
,publisher=	{Artech House}
,year=		1993
)

@book(		che91b
,author=	{Chernicoff, S.}
,title=		{Macintosh Revealed, Volume Two: Programming with the Toolbox}
,publisher=	{Hayden Books}
,year=		1991
)

@book(          inm91
,author=        {{Apple Computer, Inc}.}
,title=         {Inside Macintosh, Volumes I-VI}
,publisher=     {Addison-Wesley}
,year=          1991
)

@book(		ket91
,author=	{Kessler, G.C. and Train, D.A.}
,title=		{Metropolitan Area Networks}
,publisher=	{McGraw-Hill}
,year=		1991
)

@book(		lkk89
,author=	{Leffler, S.J. and McKusick, M.K. and Karels, M.J. and Quarterman, J.S.}
,title=		{The Design and Implementation of the 4.3{BSD} {UNIX} Operating System}
,publisher=	{Addison-Wesley}
,year=		1989
)

@book(		bac86
,author=	{Bach, M.J.}
,title=		{The Design of the {UNIX} Operating System}
,publisher=	{Prentice-Hall}
,year=		1986
)

@book(		wan88
,author=	{Wang, P.S.}
,title=		{An Introduction to Berkeley {UNIX}}
,publisher=	{Belmont, California: Wadsworth Publishing Company}
,year=		1987
)

@book(		roc85
,author=	{Rochkind, M.J.}
,title=		{Advanced Unix Programming}
,publisher=	{Prentice-Hall}
,year=		1985
)

@book(		kle75
,author=	{Kleijnen, J.P.C.}
,title=		{Statistical Techniques in Simulation}
,publisher=	{Marcel Dekker}
,year=		{1974 (Part I), 1975 (Part II)}
)

@book(		crl77
,author=	{Crane, M.A. and Lemoine, A.J.}
,title=		{An Introduction to the Regenerative Method for Simulation Analysis}
,publisher=	{Springer-Verlag}
,year=		1977
)

@book(		mes73
,author=	{Mendehall, W. and Sheaffer, R.L.}
,title=		{Mathematical Statistics with Applications}
,publisher=	{Duxbury Press}
,year=		1973
)

@book(		kob78
,author=	{Kobayashi, H.}
,title=		{Modeling and Analysis: An Introduction to System Performance Evaluation Methodology}
,publisher=	{Addison-Wesley}
,year=		1978
)

@book(		fis78
,author=	{Fishman, G.S.}
,title=		{Principles of Discrete Event Simulation}
,publisher=	{Wiley}
,year=		1978
)

@book(		kow89
,author=	{Kochan, S.G. and Wood, P.H.}
,title=		{UNIX Networking}
,publisher=	{Hayden Books}
,year=		1989
)

@book(		spr91
,author=	{Spragins, J.D. and Hammond, J.L. and Pawlikowski, K.}
,title=		{Telecommunications Protocols and Design}
,publisher=	{Addison-Wesley}
,year=		1991
)

@book(		hid90
,author=	{Hideki, I.}
,title=		{Error-Control Coding Techniques}
,publisher=	{Academic Press}
,year=		1990
)

@book(		and91
,author=	{Anderson, B.}
,title=		{{UNIX} Communications}
,publisher=	{Howard W. Sams \& Co.}
,year=		1991
)

@book(		bar85
,author=	{Bartee, T.C.}
,title=		{Data Communications, Networks, and Systems}
,publisher=	{Howard W. Sams \& Co.}
,year=		1985
)

@book(		bar86
,author=	{Bartee, T.C.}
,title=		{Digital Communications}
,publisher=	{Howard W. Sams \& Co.}
,year=		1986
)

@book(		stu85
,author=	{Stuck, B.W. and Arthurs, E.}
,title=		{A Computer and Communications Network Performance Analysis Primer}
,publisher=	{Prentice-Hall}
,year=		1985
)

@book(		fel68
,author=	{Feller, W.}
,title=		{An Introduction to Probability Theory and its Applications}
,publisher=	{Wiley}
,address=	{New York}
,year=		1971
)

@book(		fel71
,author=	{Feller, W.}
,title=		{An Introduction to Probability Theory and its Applications}
,publisher=	{Wiley}
,address=	{New York}
,year=		1971
)

@book(		fis63
,author=	{Fisz, M.}
,title=		{Probability Theory and Mathematical Statistics}
,publisher=	{Wiley}
,address=	{New York}
,year=		1963
)

@book(		fre92
,author=	{Freund, J.E.}
,title=		{Mathematical Statistics}
,publisher=	{Prentice-Hall}
,year=		1992
)

@book(		ros89
,author=	{Ross, S.M.}
,title=		{Probability Models}
,publisher=	{Academic Press}
,year=		1989
)

@book(		 fis90
,author=	{Fishman, G.S.}
,title=		{Principles of Discrete Event Simulation}
,publisher=	{Wiley}
,address=	{New York}
,year=		1990
)

@book(		bir79
,author=	{Birthwistle, G.M.}
,title=		{Demos---Discrete Event Modelling in Simula}
,publisher=	{Macmillan}
,year=		1979
)

@book(		bdm73
,author=	{Birthwistle, G.M. and Dahl, O.J. and Myhrhaug, B. and Nygaard, K.}
,title=		{Simula Begin}
,publisher=	{Studentlitteratur}
,address=	{Oslo}
,year=		1973
)

@book(		brh73
,author=	{Brinch Hansen, P.}
,title=		{Operating Systems Principles}
,publisher=	{Prentice-Hall}
,address=	{Englewood Cliffs, NJ}
,year=		1973
)

@book(		dei90
,author=	{Deitel, H.M.}
,title=		{An Introduction to Operating Systems}
,publisher=	{Addison-Wesley}
,year=		1990
)

@book(		spg91
,author=	{Silberschatz, A. and Peterson, J. and Galvin, P.}
,title=		{Operating System Concepts}
,publisher=	{Addison-Wesley}
,year=		1991
)

@book(		sig94
,author=	{Silberschatz, A. and Galvin, P.}
,title=		{Operating System Concepts}
,publisher=	{Addison-Wesley}
,year=		1994
)

@book(		tan92
,author=	{Tanenbaum, A.S.}
,title=		{Modern Operating Systems}
,publisher=	{Prentice-Hall}
,address=	{Englewood Cliffs, NJ}
,year=		1992
)

@book(		fra77
,author=	{Franta, W.R.}
,title=		{The Process View of Simulation}
,publisher=	{North Holland}
,address=	{New York}
,year=		1977
)

@book(		ros90
,author=	{Ross, S.M.}
,title=		{A Course in Simulation}
,publisher=	{Macmillan}
,year=		1990
)

@book(		fri84
,author=	{Fritzsch, H.}
,title=		{The Creation of Matter}
,publisher=	{Basic Books, Inc., Publishers}
,year=		1984
)

@book(		coh91
,author=	{Coveney, P. and Highfield, R.}
,title=		{The Arrow of Time}
,publisher=	{Fawcett Columbine}
,address=	{New York}
,year=		1991
)

@book(		dav92
,author=	{Davies, P.}
,title=		{The Mind of God}
,publisher=	{Simon \& Schuster}
,year=		1992
)

@book(		gri88
,author=	{Gribbin, J.}
,title=		{The Omega Point}
,publisher=	{Bantam Books}
,year=		1988
)

@book(		jbs92
,author=	{Jeruchim, M.C. and Balaban, P. and Shanmugan, K.S.}
,title=		{Simulation of Communication Systems}
,publisher=	{Plenum Press}
,address=	{New York}
,year=		1992
)

@book(		bbl87
,author=	{Bratley, P. and Fox, B.L. and Schrage, L.E.}
,title=		{A Guide to Simulation}
,publisher=	{Springer-Verlag}
,year=		1987
)

@book(		mat88
,author=	{Matloff, N.S.}
,title=		{Probability Modeling and Computer Simulation}
,publisher=	{PWS-KENT}
,address=	{Boston, Massachusetts}
,year=		1988
)

@book(		fre89
,author=	{Freeman, R.L.}
,title=		{Telecommunication System Engineering}
,publisher=	{Wiley}
,year=		1989
)

@article(	acw90
,author= 	{Aggarwal, S. and Courcoubetis, C. and Wolper, P.}
,title=		{Adding liveness properties to coupled finite state machines}
,journal=	{ACM Transactions on Programming Languages and Systems}
,volume=	12
,number=	2
,year= 		1990
,pages=		{303--339}
)

@article(	hym66
,author= 	{Hyman, H.}
,title=		{Comments on a Problem in Concurrent Programming Control}
,journal=	{Communications of the ACM}
,volume=	9
,number=	3
,year= 		1966
,pages=		{45}
)

@article(	scb80
,author= 	{Schmeiser, B. and Babu, A.J.G}
,title=		{Beta Variate Generation via Exponential Majorizing Functions}
,journal=	{Journal of the Operational Research Society}
,volume=	28
,year= 		1980
,pages=		{917--926}
)

@article(	lac79
,author= 	{Law, A.M. and Carson, J.S.}
,title=		{A sequential procedure of determining the length of a steady-state simulation}
,journal=	{Journal of the Operational Research Society}
,volume=	27
,year= 		1979
,pages=		{1011--1025}
)

@article(	lak84
,author= 	{Law, A.M. and Kelton, W.D.}
,title=		{Confidence intervals for steady-state simulation: {A} survey of fixed sample size procedures}
,journal=	{Journal of the Operational Research Society}
,volume=	32
,year= 		1984
,pages=		{1221--1239}
)

@article(	law83
,author= 	{Law, A.M.}
,title=		{Statistical Analysis of Simulation Output Data}
,journal=	{Journal of the Operational Research Society}
,volume=	31
,year= 		1983
,pages=		{983--1029}
)

@article(	sta66
,author= 	{Starr, N.}
,title=		{The performance of a sequential procedure for the fixed-width interval estimation of the mean}
,journal=	{Annals of Mathematical Statistics}
,volume=	37
,year= 		1966
,pages=		{36--50}
)

@article(	chr65
,author= 	{Chow, Y.S. and Robbins, H.}
,title=		{On the asymptotic theory of fixed-width sequential confidence intervals for the mean}
,journal=	{Annals of Mathematical Statistics}
,volume=	36
,year= 		1965
,pages=		{457-462}
)

@article(	lak82
,author= 	{Law, A.M. and Kelton, W.D.}
,title=		{Confidence intervals for steady-state simulation: {A} survey of sequential procedures}
,journal=	{Management Science}
,volume=	28
,year= 		1982
,pages=		{550--562}
)

@article(	ahd72a
,author= 	{Ahrens, J.H. and Dieter, U.}
,title=		{Computer methods for sampling from the exponential and normal distributions}
,journal=	{Communications of the ACM}
,volume=	15
,year= 		1972
,pages=		{873--882}
)

@article(	ahd72b
,author= 	{Ahrens, J.H. and Dieter, U.}
,title=		{Computer methods for sampling from gamma, beta, {P}oisson and binomial distributions}
,journal=	{Computing}
,volume=	12
,year= 		1972
,pages=		{223--246}
)

@article(	ahd80
,author= 	{Ahrens, J.H. and Dieter, U.}
,title=		{Sampling from binomial and {P}oisson distributions: a method with bounded computation times}
,journal=	{Computing}
,volume=	25
,year= 		1980
,pages=		{193--208}
)

@article(	ahd82a
,author= 	{Ahrens, J.H. and Dieter, U.}
,title=		{Generating gamma variates by a modified rejection technique}
,journal=	{Communications of the ACM}
,volume=	25
,year= 		1982
,pages=		{47--54}
)

@article(	ahd82b
,author= 	{Ahrens, J.H. and Dieter, U.}
,title=		{Computer generation of {P}oisson deviates from modified normal distributions}
,journal=	{ACM Transactions on Mathematical Software}
,volume=	8
,year= 		1982
,pages=		{163--179}
)

@article(	ahk81
,author= 	{Ahrens, J.H. and Kohrt, K.D.}
,title=		{Computer methods for efficient sampling from largely arbitrary statistical distributions}
,journal=	{Computing}
,volume=	26
,year= 		1981
,pages=		{19--31}
)

@inproceedings(	nie92
,author=	{Niederreiter, H.}
,title=		{Random Number Generation and Quasi {M}onte {C}arlo Methods}
,booktitle=	{CBMS-NSF Regional Conference Series in Applied Mathematics}
,publisher=	{Society for Industrial and Applied Mathematics}
,address=	{Philadelphia, PA}
,year=		1992
,vol=		63
)

@inproceedings(	mis93
,author=	{Mills, R. and Skinner, S.}
,title=		{{COMNET III}: The New Enterprise-Wide Performance Analysis Tool}
,booktitle=	{Proceedings of MASCOTS'93}
,address=	{San Diego, California}
,year=		1993
,month=		jan
,pages=		{349--350}
)

@inproceedings(	ric95
,author=	{Ricciulli, L.}
,title=		{A Technique for the Distributed Simulation of Parallel Computers}
,booktitle=	{Proceedings of MASCOTS'95}
,address=	{Durham, North Carolina}
,year=		1995
,month=		jan
,pages=		{257--260}
)

@inproceedings(	pnc93
,author=	{Palmer, C.C. and Naghshineh, M. and Chen, J.S.C.}
,title=		{The {GILDA} {LAN} Design Tool}
,booktitle=	{Proceedings of MASCOTS'93}
,address=	{San Diego, California}
,year=		1993
,month=		jan
,pages=		{353--354}
)

@inproceedings(	jul93
,author=	{Jump, J.R. and Lakshmanamurthy, S.}
,title=		{{NETSIM}: A General-Purpose Interconnection Network Simulator}
,booktitle=	{Proceedings of MASCOTS'93}
,address=	{San Diego, California}
,year=		1993
,month=		jan
,pages=		{121--125}
)

@inproceedings(	llm88
,author=	{Litzkow, M. and Livny, M. and Mutka, M.}
,title=		{Condor---A Hunter of Idle Workstations}
,booktitle=	{Proceedings of the 8th International Conference on Distributed Computing Systems}
,publisher=	{Society for Industrial and Applied Mathematics}
,address=	{San Jose, California}
,year=		1988
,month=		jun
,pages=		{104--111}
)

@inproceedings(	arm91
,author=	{Armstrong, W. et al}
,title=		{Experience Using Adaptive Logic Networks}
,booktitle=	{Proceedings of IASTED International Symposium on Computers, Electronics, Communication and Control}
,address=	{Calgary, Alberta, Canada}
,month=		apr
,year=		1991
,pages=		{44--47}
)

@inproceedings(	lis92
,author=	{Litzkow, M. and Solomon, M.}
,title=		{Supporting Checkpointing and Process Migration Outside the {UNIX} Kernel}
,booktitle=	{Proceedings of Usenix Winter Conference}
,publisher=	{Society for Industrial and Applied Mathematics}
,address=	{San Francisco, California}
,month=		jan
,year=		1992
,pages=		{283--290}
)

@article(ssl93
,author=	{Schaeffer, J. and Szafron, D. and Lobe, G. and Parsons, I.}
,title=		{The {E}nterprise Model for Developing Distributed Applications}
,journal=	{IEEE Parallel and Distributed Technology}
,year=		1993
,vol=		1
,number=        3
,month=		aug
,pages=		{85--96}
)

@article(daz83
,author=	{Day, J.D. and Zimmermann, H.}
,title=		{The {OSI} Reference Model}
,journal=	{Proceedings of the IEEE}
,year=		1983
,vol=		71
,month=		dec
,pages=		{1334--1340}
)

@inproceedings(	aad79
,author=	{Ayache, J. M. and Az\'{e}ma, P. and Diaz, M.}
,title=		{Observer: a concept for on-line detection of control errors in concurrent systems}
,booktitle=	{Proceedings of the 9th Symposium on Fault-Tolerant  Computing}
,year=		1979
,month=		jun
,address=	{Madison, WI}
,pages=		{1--8}
)

@inproceedings(	acp91
,author=	{Albertengo, G. and Lo Cigno, R. and Panizzardi, G.}
,title=		{The Deflection Network: A Reliable High Speed Packet Network for Computer Communication}
,booktitle=	{Proceedings, Advanced Computer Technology, Reliable Systems and Applications, COMPUEURO 91}
,year=		1991
,month=		may
,address=	{Bologna}
,pages=		{84--88}
)

@inproceedings(	all79
,author=	{Almes, G.T. and Lazowska, E.D.}
,title=		{The Behaviour of {E}thernet-like Computer Communication Networks}
,booktitle=	{Proceedings of the 7th Symposium on Operating Systems Principles}
,year=		1979
,month=		dec
,address=	{Asilomar, California}
,publisher=	{ACM SIGCOMM}	
,pages=		{66--81}
)

@inproceedings(	alz92
,author=	{van As, H.R. and Lemppenau, W.W. and Zafiropulo, P.}
,title=		{Performance of {CRMA-II}: a Reservation-Based Fair Media Access Protocol}
,booktitle=	{Proceedings of EFOC-LAN 92}
,year=		1992
,month=		jun
,address=	{Paris, France}
)

@book(		ari87
,author=	{Arick, M.R}
,title=		{Data Communications Concepts \& Solutions}
,publisher=	{QED Information Sciences}
,address=	{Wellesley, Mass.}
,year=		1987
)

@article(	arl81
,author= 	{Arden, B.W. and Lee, H.}
,title=		{Analysis of Chordal Ring Network}
,journal=	{IEEE Transactions on Computers}
,volume=	30
,number=	4
,month=		apr
,year= 		1981
,pages=		{291--295}
)

@book(		mih87
,author=	{Miller, M.J. and Ahamed, S.V.}
,title=		{Digital Transmission Systems and Networks}
,publisher=	{Computer Science Press}
,year=		1987
)

@book(		bak86
,author=	{Baker, D.G.}
,title=		{Local Area Networks with Fiber-optic Applications}
,publisher=	{Prentice-Hall}
,address=	{Englewood Cliffs, NJ}
,year=		1986
)

@article{bdg93
,author=	{Baransel, C. and Dobosiewicz, W. and Gburzy\'{n}ski, P.}
,journal = {IEEE Journal on Selected Areas in Communications},
month = oct,
number = 8,
pages = {1268-1277},
title = {{CBRMA++/SR}: On the Design of a {MAN/WAN MAC} Protocol for High--Speed Networks},
volume = 11,
year = 1993
}

@inproceedings(	bdg92
,author=	{Baransel, C. and Dobosiewicz, W. and Gburzy\'{n}ski, P.}
,title=		{{CBRMA}++: How to Improve the Performance of a {MAC} Protocol Without a Second Headend Station}
,booktitle=	{Proceedings of the Silicon Valley Networking Conference}
,year=		1992
,month=		apr
,address=	{Santa Clara, CA}
,pages=		{201--207}
)
@inproceedings(	bat88
,author=	{Bates, P.}
,title=		{Debugging Heterogeneous Distributed Systems ...}
,booktitle=	{Proceedings of Workshop on Parallel and Distributed Debugging}
,year=		1988
,month=		may
,address=	{Madison, WI}
,publisher=	{ACM Press}	
,pages=		{11--22}
)

@incollection(	bcg88
,author=	{Berry, G. and Couronne, P. and Gonthier, G.}
,title=		{Synchronous Programming of Reactive Systems: an Introduction to Esterel}
,booktitle=	{Programming of Future Generation Computers}
,editor =	{Fuchi, K. and Nivat, M.}
,year=		1988
,publisher=	{Elsevier}	
,pages=		{35--55}
)

@incollection(	ath96
,author=	{Armstrong, W.W. and Thomas, M.M.}
,title=		{Adaptive Logic Networks}
,booktitle=	{Handbook of Neural Computation}
,editor =	{Fiesler, E. and Beale, R.}
,year=		1996
,publisher=	{Oxford university Press}	
,pages=		{Section C 1.8}
)

@incollection(	igl78
,author=	{Iglehart, D.L.}
,title=		{The Regenerative Method for Simulation Analysis}
,booktitle=	{Vol. III. Software Engineering}
,editor =	{Chandy, K.M. and Yeh, R.T.}
,year=		1978
,publisher=	{Prentice-Hall}
)

@incollection(	wel83
,author=	{Welch, P.D.}
,title=		{The Statistical Analysis of Simulation Results}
,booktitle=	{Computer Performance Modeling Handbook}
,editor =	{Lavenberg, S.S.}
,year=		1983
,publisher=	{Academic Press}
)

@book(		beg87
,author=	{Bertsekas, D. and Gallager, R.}
,title=		{Data Networks}
,publisher=	{Prentice-Hall}
,address=	{Englewood Cliffs, NJ}
,year=		1992
)

@book(		pre95
,author=	{Pree, W.}
,title=		{Design Patterns for Object-Oriented Software Development}
,publisher=	{Addison-Wesley}
,year=		1995
)

@article(	ber89
,author= 	{Bertan, B. R.}
,title=		{Simulation of {MAC} Layer Queuing and Priority Strategies of {CEBus}}
,journal=	{IEEE Transactions on Consumer Electronics}
,volume=	35
,month=		aug
,year= 		1989
,pages=		{557--563}
)

@article(	bof92
,author= 	{Borgonovo, F. and Fratta, L.}
,title=		{Deflection networks: architectures for metropolitan and wide area networks}
,journal=	{Computer Networks and ISDN Systems}
,number=	24
,year= 		1992
,pages=		{171--183}
)

@inproceedings(	bft83
,author=	{Borgonovo, F. and Fratta, L. and Tarini, F. and Zini, P.}
,title=		{L-{E}xpress-net: {A} communication protocol for local area networks}
,booktitle=	{Proceedings of IEEE INFOCOM`83}
,year=		1983
,month=		apr
,address=	{San Diego, CA}
)

@inproceedings(	kah86
,author=	{Kamal, A.E. and Hamacher, V.C.}
,title=		{Analysis of a star local area network with collision avoidance}
,booktitle=	{Proceedings of IEEE INFOCOM`86}
,year=		1986
,pages=		{546-555}
)

@inproceedings(	dtz91
,author=	{Decina, M. and Trecordi, V. and Zanolini, G.}
,title=		{Throughput and Packet Loss in Deflection Routing Multichannel-Metropolitan Area Networks}
,booktitle=	{Proceedings of GLOBECOM`91}
,year=		1991
,pages=		{1200-1208}
)

@inproceedings(	max85
,author=	{Maxemchuk, N.F.}
,title=		{The {M}anhattan Street Network}
,booktitle=	{Proceedings of GLOBECOM`85}
,year=		1985
,pages=		{255-261}
)

@inproceedings(	kam86
,author=	{Kamal, A.E.}
,title=		{A performance model for a star network}
,booktitle=	{Proceedings of GLOBECOM`86}
,year=		1986
,pages=		{12-18}
)

@inproceedings(	dtz92
,author=	{Decina, M. and Trecordi, V. and Zanolini, G.}
,title=		{Performance Analysis of Deflection Routing Multichannel-Metropolitan Area Networks}
,booktitle=	{Proceedings of IEEE INFOCOM'92}
,year=		1992
,month=		may
,address=	{Florence, Italy}
,pages=		{2435--2443}
)

@inproceedings(	asz92
,author=	{Acampora, A.S. and Shah, S.I.A. and Zhang, Z.}
,title=		{Performance Analysis of Hot-Potato Routing for Multiclass Traffic in Multihop Lightwave Networks}
,booktitle=	{Proceedings of IEEE INFOCOM'92}
,year=		1992
,month=		may
,address=	{Florence, Italy}
,pages=		{644--654}
)

@inproceedings(	bbg92
,author=	{Bannister, J. and Borgonovo, F.}
,title=		{A Procedure to Evaluate the Mean Transport Time in Multibuffer Deflection-Routing Networks with Nonuniform Traffic}
,booktitle=	{Proceedings of IEEE INFOCOM'92}
,year=		1992
,month=		may
,address=	{Florence, Italy}
,pages=		{1069--1078}
)

@inproceedings(	boc90
,author=	{Borgonovo, F. and Cadorin, E.}
,title=		{Locally-Optimal Deflection Routing in the Bidirectional {M}anhattan Network}
,booktitle=	{Proceedings of IEEE INFOCOM'90}
,year=		1990
,pages=		{458--464}
)

@inproceedings(	rod90
,author=	{Rodrigues, M.A.}
,title=		{Erasure Node: Performance Improvements for the {IEEE} 802.6 {MAN}}
,booktitle=	{Proceedings of IEEE INFOCOM'90}
,year=		1990
,pages=		{636--643}
)

@article(	bha84
,author= 	{Bhuyan, L.N. and Agrawal, D.P.}
,title=		{Generalized Hypercube and Hyperbus Structures for a Computer Network}
,journal=	{IEEE Transactions on Computers}
,volume=	33
,number=	4
,year= 		1984
,month=		apr
,pages=		{323--333}
)

@techreport(	bmk88
,author=	{Boggs, D.R. and Mogul, J.C. and Kent C.A.}
,title=		{Measured Capacity of an {E}thernet: Myths and Reality}
,institution=	{Digital Equipment Corporation, Western Research Laboratory, 100 Hamilton Avenua, Palo Alto, California}
,type=		{{WRL} Research Report 88/4}
,year=		1988
)

@techreport(	dan67
,author=	{Dahl, O.J. and Nygaard, K.}
,title=		{Simula: A Language for Programming and Description of Discrete Event Systems}
,type=		{Introduction and user's manual, 5th edition}
,institution=	{Norwegian Computing Center}
,address=	{Oslo}
,year=		1967
)

@techreport(	dmn70
,author=	{Dahl, O.J. and Myhrhaug, B. and Nygaard, K.}
,title=		{Common Base Language}
,type=		{Publication S-22}
,institution=	{Norwegian Computing Center}
,address=	{Oslo}
,year=		1970
)

@article(	bob87
,author= 	{Bolognesi, T. and Brinksma, E.}
,title=		{Introduction to the {ISO} Specification Language {LOTOS}}
,journal=	{Computer Networks and ISDN Systems}
,volume=	14
,year= 		1987
,pages=		{25--59}
)

@article(	bud87
,author= 	{Budkowski, S. and Dembinski, P.}
,title=		{An Introduction to {ESTELLE} a Specification Language for Distributed Systems}
,journal=	{Computer Networks and ISDN Systems}
,volume=	14
,year= 		1987
,pages=		{3--23}
)

@incollection(	bru80
,author=	{de Bruijn, N. G.}
,title=		{A Survey of the project {AUTOMATH}}
,editor=	{Seldin, J. P. and Hindley J. R.}
,booktitle=	{Essays in Combinatory Logic, Lambda Calculus, and Formalism}
,publisher=	{Academic Press}
,year=		1980
,pages=		{589--606}
)

@article(	cap79
,author= 	{Capetanakis, J.}
,title=		{Tree Algorithms for Packet Broadcast Channels}
,journal=	{IEEE Transactions on Information Theory}
,volume=	25
,year= 		1979
,pages=		{505--515}
)

@article(	cfl83
,author= 	{Chlamtac, L. and Franta, W.R. and Levin, D.}
,title=		{{BRAM}: The Broadcast Recognizing Access Method}
,journal=	{IEEE Transactions on Communications}
,volume=	27
,year= 		1979
,month=		aug
,pages=		{1183--1190}
)

@article(	max87
,author= 	{Maxemchuk, N.F.}
,title=		{Routing in the {M}anhattan {S}treet {N}etwork}
,journal=	{IEEE Transactions on Communications}
,volume=	35
,number=	5
,year= 		1987
,month=		may
,pages=		{503-512}
)

@article(	chor89
,author= 	{Rozier. M. and Abrossimov, V. et al}
,title=		{{CHORUS} Distributed Operating System}
,journal=	{Computing Systems, The Journal of the USENIX Association}
,volume=	1
,year= 		1989
,number=	4
)

@article(	wos92
,author= 	{Wu, H.T. and Ofek, Y. and Sohraby, K.}
,title=		{Integration of Synchronous and Asynchronous Traffic on the Metaring Architecture and its Analysis}
,journal=	{IBM Technical Report}
,year= 		1992
,volume=	{RC 17718}
)

@article{mak93
,author=	{Maxemchuk, N. and Krishnan, R.}
,journal = {IEEE Journal on Selected Areas in Communications},
month = oct,
number = 8,
pages = {1278-1301},
title = {A Comparison of Linear and Mesh Topologies--{DQDB} and the Manhattan Street Network}
,volume = 11,
year = 1993
}

@article{cco93
,author=	{Chen, J. and Cidon, I. and Ofek, Y.}
,journal = {IEEE Journal on Selected Areas in Communications},
month = oct,
number = 8,
pages = {1183-1192},
title = {A Local Fairness Algorithm for Gigabit {LAN}s/{MAN}s with Spatial Reuse}
,volume = 11,
year = 1993
}

@article(	cco92
,author= 	{Chen, J. and Cidon, I. and Ofek, Y.}
,title=		{A Local Fairness Algorithm for Gigabit {LAN}s/{MAN}s with Spatial Reuse}
,journal=	{IBM Technical Report}
,year= 		1992
,volume=	{RC 18114}
)

@inproceedings(	cio90
,author=	{Cidon, I. and Ofek, Y.}
,title=		{A Full-duplex Ring with Fairness and Spatial Reuse}
,booktitle=	{Proceedings of IEEE INFOCOM'90}
,year=		1990
,pages=		{969--981}
)

@inproceedings(	oll93
,author=	{Olson, R.T. and Landweber, L.H.}
,title=		{Design and implementation of a fast virtual channel establishment method for {ATM} networks}
,booktitle=	{Proceedings of IEEE INFOCOM'93}
,year=		1993
,pages=		{617--627}
)

@article(	col83
,author= 	{Coyle, E.J. and Liu, B.}
,title=		{Finite Population {CSMA/CD} Networks}
,journal=	{IEEE Transactions on Communications}
,volume=	31
,number=	11
,year= 		1983
,month=		nov
,pages=		{1247--1251}
)

@article(	col85
,author= 	{Coyle, E.J. and Liu, B.}
,title=		{A Matrix Representation of {CSMA/CD} Networks}
,journal=	{IEEE Transactions on Communications}
,volume=	33
,number=	1
,year= 		1985
,month=		jan
,pages=		{53--64}
)

@book(		con86
,author=	{Constable, R.L. and others}
,title=		{Implementing Mathematics with the Nuprl Proof Development System}
,publisher=	{Prentice-Hall}
,year=		1986
)

@article(	cgl91
,author=	{Conti, M. and Gregori, E. and Lenzini, L.}
,title=		{A Methodological Approach to an Extensive Analysis of {DQDB} Performance}
,journal=	{IEEE Journal on Selected Areas in Communications}
,volume=	9
,number=	1
,month=		jan
,year=		1991
,pages=		{76--87}
)

@article(	cgl91b
,author=	{Conti, M. and Gregori, E. and Lenzini, L.}
,title=		{{DCP}--A Distributed Control Polling {MAC} Protocol: Specifications and Comparison with {DQDB}}
,journal=	{IEEE Journal on Selected Areas in Communications}
,volume=	9
,number=	2
,month=		feb
,year=		1991
,pages=		{241--247}
)

@article(	cur89
,author=	{Culberson, J. and Rudnicki, P.}
,title=		{A Fast Algorithm for Constructing Trees from Distance Matrices}
,journal=	{Information Processing Letters}
,month=		feb
,year=		1989
)

@article(	dal90
,author=	{Dally, W.J.}
,title=		{Performance Analysis of $k$-ary $n$-cube Interconnection Networks}
,journal=	{IEEE Transactions on Computers}
,month=		jun
,volume=	39
,number=	6
,pages=		{775--785}
,year=		1990
)

@article(	dyb88
,author=	{Dykeman, D. and Bux, W.}
,title=		{Analysis and Tuning of the {FDDI} Media Access Protocol}
,journal=	{IEEE Journal on Selected Areas in Communications}
,month=		jul
,volume=	{6}
,pages=		{997--1010}
,year=		1988
)

@article(	gal91
,author=	{Garret, M.W. and Li, S.Q.}
,title=		{A Study of Slot Reuse in Dual Bus Multiple Access Networks}
,journal=	{IEEE Journal on Selected Areas in Communications}
,month=		feb
,volume=	{9}
,number=	2
,pages=		{248--256}
,year=		1991
)

@inproceedings(	dam90
,author=	{Davids, P. and Martini, P.}
,title=		{Performance Analysis of {DQDB}}
,booktitle=	{Proceedings of IEEE IPCCC}
,address=	{Phoenix, AZ}
,year=		1990
,pages=		{548--555}
)

@inproceedings(	bux89
,author=	{Bux, W.}
,title=		{Token-Ring Local-Area Networks and Their Performance}
,booktitle=	{Proceedings IEEE}
,volume=	77
,month=		feb
,year=		1989
,pages=		{238--256}
)

@article(	dan90
,author=	{Dandamudi, S.P. and Eager, D.L.}
,title=		{Hierarchical Interconnection Networks for Multicomputer Systems}
,journal=	{IEEE Transactions on Computers}
,month=		jun
,volume=	39
,number=	6
,pages=		{786-797}
,year=		1990
)

@article(	bux81
,author=	{Bux, W.}
,title=		{Local-Area Subnetworks: A Performance Comparison}
,journal=	{IEEE Transactions on Communications}
,month=		apr
,volume=	28
,number=	4
,pages=		{612-624}
,year=		1981
)

@book(		dan91
,author=	{Dandamudi, S.P.}
,title=		{Hierarchical Hypercube Multicomputer Interconnection Networks}
,publisher=	{Ellis Horwood}
,year=		1991
)

@article(	das86
,author=	{Dally, W.J. and Seitz, C.L.}
,title=		{Deadlock-free Message Routing in Multiprocessor Interconnection Networks}
,journal=	{IEEE Transactions on Computers}
,month=		may
,volume=	36
,number=	5
,pages=		{547-553}
,year=		1987
)

@booklet(	dec90
,key=		{FDDI}
,title=		{Fiber Distributed Data Interface, {S}ystem {L}evel {D}escription}
,howpublished=	{Digital Equipment Corporation}
,month=		jun
,year=		1990
)

@booklet(	sti96
,key=		{IEEE P1451.1/D83}
,title=		{{IEEE P1451.1/D83} {D}raft Standard for a Smart Transducer Interface for Sensors
and Actuators---{N}etwork {C}apable {A}pplication {P}rocessor ({NCAP})
Information Model}
,month=		dec
,year=		1996
)

@inproceedings(	den67
,author=	{Denning, P.J.}
,title=		{Effects of Scheduling on File Memory Operations}
,booktitle=	{Proceedings of the AFIPS Spring Joint Computer Conference}
,year=		1967
,pages=		{9--21}
)

@article(	des86
,author=	{Derfler, F. and Stallings, W.}
,title=		{The {IBM} {T}oken-ring {LAN}}
,journal=	{PC Magazine}
,month=		mar
,year=		1986
)

@inproceedings(	dog88
,author=	{Dobosiewicz, W. and Gburzy\'{n}ski, P.}
,title=		{Ethernet with Segmented Carrier}
,booktitle=	{Proceedings of IEEE Computer Networking Symposium}
,year=		1988
,month=		apr
,address=	{Washington, DC}
,pages=		{72--78}
)

@inproceedings(	dog89
,author=	{Dobosiewicz, W. and Gburzy\'{n}ski, P.}
,title=		{Improving fairness in {CSMA/CD} networks}
,booktitle=	{Proceedings of IEEE SICON'89}
,year=		1989
,month=		jul
,address=	{Singapore}
)

@article(	dog89a
,author=	{Dobosiewicz, W. and Gburzy\'{n}ski, P.}
,title=		{On two modified {E}thernets}
,journal=	{Computer Networks and ISDN Systems}
,year=		1995
,note=		{(To appear.)}
)

@inproceedings(	dog90
,author=	{Dobosiewicz, W. and Gburzy\'{n}ski, P.}
,title=		{Performance of {P}iggyback {E}thernet}
,booktitle=	{Proceedings of IEEE IPCCC}
,year=		1990
,month=		mar
,address=	{Scottsdale, AZ}
,pages=		{516--522}
)

@inproceedings(	dog91a
,author=	{Dobosiewicz, W. and Gburzy\'{n}ski, P.}
,title=		{On the apparent unfairness of a capacity-1 protocol for very fast local area networks}
,booktitle=	{Proceedings of the Third IEE Conference on Telecommunications}
,year=		1991
,month=		mar
,address=	{Edinburgh, Scotland}
)

@inproceedings(	dog90a
,author=	{Dobosiewicz, W. and Gburzy\'{n}ski, P.}
,title=		{Issues of fairness in fast {LAN}s under realistic traffic conditions}
,booktitle=	{Proceedings of MILCOM'90}
,year=		1990
,month=		sep
,address=	{Monterey, CA}
,pages=		{41--45}
)

@inproceedings(	dog91
,author=	{Dobosiewicz, W. and Gburzy\'{n}ski, P.}
,title=		{A Fault-tolerant Capacity-1 Protocol for Very Fast Local Networks}
,booktitle=	{Proceedings of SPIE's International Symposium on Optical Engineering and Photonics in Aerospace Sensing}
,year=		1991
,month=		apr
,address=	{Orlando, Florida}
,pages=		{123--133}
)

@inproceedings(	dog92a
,author=	{Dobosiewicz, W. and Gburzy\'{n}ski, P.}
,title=		{A new topology for {MAN}s: the Pretzel Ring}
,booktitle=	{Proceedings of IEEE INFOCOM'92}
,year=		1992
,month=		may
,address=	{Florence, Italy}
,pages=		{2408--2414}
)

@inproceedings(	dog93c
,author=	{Dobosiewicz, W. and Gburzy\'{n}ski, P.}
,title=		{On Token Protocols for High--Speed Multiple--Ring Networks}
,booktitle=	{Proceedings of the International Conference on Network Protocols}
,year=		1993
,month=		oct
,address=	{San Francisco, USA}
,pages=		{300--307}
)

@inproceedings(	che92
,author=	{Cheung, S.}
,title=		{Controlled request {DQDB}: Achieving Fairness and Maximum Throughput in the {DQDB} Network}
,booktitle=	{Proceedings of IEEE INFOCOM'92}
,year=		1992
,month=		may
,address=	{Florence, Italy}
,pages=		{180--189}
)

@inproceedings(	kub92
,author=	{Kumar, L.N. and Bovopoulos, A.D.}
,title=		{An Access Protection Solution for Heavy Load Unfairness in {DQDB}}
,booktitle=	{Proceedings of IEEE INFOCOM'92}
,year=		1992
,month=		may
,address=	{Florence, Italy}
,pages=		{190--199}
)

@inproceedings(	mub91
,author=	{Mukherjee, B. and Banerjee, S.}
,title=		{Alternative Strategies for Improving the Fairness in and an Analytical Model of {DQDB} Networks}
,booktitle=	{Proceedings of IEEE INFOCOM'91}
,year=		1991
,month=		apr
,address=	{Miami, FL}
,pages=		{879--888}
)

@inproceedings(	fas91
,author=	{Fang, C. and Szymanski, T.}
,title=		{An Analysis of Deflection Routing in Multi-dimensional Regular
Mesh Networks}
,booktitle=	{Proceedings of IEEE INFOCOM'91}
,year=		1991
,month=		apr
,address=	{Miami, FL}
,pages=		{859--868}
)

@article(	cos92
,author=	{Cohen, R. and Segall, A.}
,title=		{Multiple Logical Token Rings in a Single High-Speed Ring}
,journal=	{Technion Technical Report \#738}
,year=		1992
)

@article(	shs93
,author=	{Sharon, O. and Segall, A.}
,title=		{A simple scheme for slot reuse without latency for a dual bus configuration}
,journal=	{IEEE/ACM Transactions on Networking}
,month=		feb
,volume=	1
,number=	1
,pages=		{96-104}
,year=		1993
)

@article(	tod94
,author=	{Todd, T.D.}
,title=		{The Token Grid Network}
,journal=	{IEEE/ACM Transactions on Networking}
,month=		jun
,volume=	2
,number=	3
,pages=		{279--287}
,year=		1994
)

@article(	dog92b
,author=	{Dobosiewicz, W. and Gburzy\'{n}ski, P.}
,title=		{An Alternative to {FDDI}: {DPMA} and the Pretzel Ring}
,journal=	{IEEE Transactions on Communications}
,volume=        42
,year=		1994
,pages=		{1076--1083}
)

@article(	dog93b
,author=	{Dobosiewicz, W. and Gburzy\'{n}ski, P.}
,title=		{The Spiral Ring}
,journal=	{IEEE Transactions on Networking}
,year=		1993
,note=		{(Submitted.)}
)

@inproceedings(	dog92c
,author=	{Dobosiewicz, W. and Gburzy\'{n}ski, P.}
,title=		{{DSMA}: a fair Capacity--1 Protocol for Ring Networks}
,booktitle=	{Proceedings of the Second International Symposium on High Performance Distributed Computing}
,address=	{Spokane, Wa}
,year=		1993
,month=		jul
,pages=		{92--99}
)

@article(	dog92f
,author=	{Dobosiewicz, W. and Gburzy\'{n}ski, P.}
,title=		{The Spiral Ring}
,journal=	{IEEE Transactions on Computers}
,year=		1992
,note=		{(Submitted for publication.)}
)

@article(	dot84
,author= 	{Doty, K.W.}
,title=		{New Designs for Dense Processor Interconnection Networks}
,journal=	{IEEE Transactions on Computers}
,volume=	33
,number=	5
,month=		may
,year= 		1984
,pages=		{447--450}
)

@article(	dgr89
,author=	{Dobosiewicz, W. and Gburzy\'{n}ski, P. and Rudnicki, P.}
,title=		{On two collision protocols for high-speed bus {LAN}s}
,journal=	{Computer Networks and ISDN Systems}
,year=		1993
,volume=	25
,number=	11
,month=		jun
,pages=		{1205--1225}
)

@article(	dgm91
,author=	{Dobosiewicz, W. and Gburzy\'{n}ski, P. and Maciejewski, V.}
,title=		{A Classification of Fairness Measures for Local and Metropolitan Area Networks}
,journal=	{Computer Communications}
,year=		1992
,volume=	15
,pages=		{295--304}
)

@article(	dgm92
,author=	{Dobosiewicz, W. and Gburzy\'{n}ski, P. and Maciejewski, V.}
,title=		{A Classification of Fairness Measures for Local and Metropolitan Area Networks}
,journal=	{Computer Communications}
,year=		1992
,volume=	15
,pages=		{295--304}
)

@inproceedings(	dgr90
,author=	{Dobosiewicz, W. and Gburzy\'{n}ski, P. and Rudnicki, P.}
,title=		{An {E}thernet-like {CSMA/CD} Protocol for High Speed Bus {LAN}s}
,booktitle=	{Proceedings of IEEE INFOCOM'90}
,year=		1990
,pages=		{238--245}
)

@inproceedings(	dog91b
,author=	{Dobosiewicz, W. and Gburzy\'{n}ski, P.}
,title=		{The topology component of protocol performance}
,booktitle=	{The 16th IEEE Annual Conference on Local Computer Networks}
,year=		1991
,month=		oct
,address=	{Minneapolis, Minn}
,pages=		{582--588}
)

@inproceedings(	degm90a
,author=	{Dobosiewicz, W. and Eskicioglu, R. and Gburzy\'{n}ski, P. and Mutiso, A.}
,title=		{A distributed virtual machine environment}
,booktitle=	{The second IEEE Symposium on Parallel and Distributed Processing}
,year=		1990
,month=		dec
,address=	{Dallas, TX}
,note=		{(Submitted.)}
)

@inproceedings(	degm90
,author=	{Dobosiewicz, W. and Eskicioglu, R. and Gburzy\'{n}ski, P. and Mutiso, A.}
,title=		{{MESS}: A distributed operating system for the universe}
,booktitle=	{Proceedings of the Second IEEE Workshop on Future Trends of Distributed Computing Systems}
,year=		1990
,month=		sep
,address=	{Cairo, Egypt}
,pages=		{208--214}
)

@inproceedings(	dgm90
,author=	{Dobosiewicz, W. and Gburzy\'{n}ski, P. and Maciejewski, V.}
,title=		{Behaviour of Unidirectional Broadcast {LAN}s in a File Server Model}
,booktitle=	{Proceedings of ICCS}
,year=		1990
,month=		nov
,address=	{Singapore}
,pages=		{1138--1142}
)

@article(	dgr90b
,author=	{Dobosiewicz, W. and Gburzy\'{n}ski, P. and Rudnicki, P.}
,title=		{Dynamic recognition of the configuration of bus networks}
,journal=	{Computer Communications}
,month=		may
,year=		1991
,volume=	14
,number=	4
,pages=		{216--222}
)

@booklet(	dqdba
,author=	{Dqdb}
,title=		{{D}istributed {Q}ueue {D}ual {B}us {S}ubnetwork of a {M}etropolitan {A}rea {N}etwork}
,howpublished=	{IEEE Std.\ 802.6--1990}
,year=		1991
,month=		jul
)

@booklet(	dqdb
,key=		{DQDB}
,title=		{{D}istributed {Q}ueue {D}ual {B}us {S}ubnetwork of a {M}etropolitan {A}rea {N}etwork}
,howpublished=	{IEEE Std.\ 802.6--1990}
,year=		1991
,month=		jul
)

@booklet(	bco92
,key=		{DQDB}
,title=		{{A}synchronous {T}ransfer {M}ode ({ATM}) and {ATM} {A}daptation {L}ayer ({AAL}) {P}rotocols {G}eneric {R}equirements}
,howpublished=	{TA-NWT-001113, Bellcore, Issue 1}
,year=		1992
,month=		aug
)

@booklet(	atmuni
,key=		{ATM}
,title=		{{ATM} {U}ser-{N}etwork {I}nterface {S}pecification, version 3.0}
,howpublished=	{The ATM Forum}
,publisher=	{PTR Prentice Hall}
,year=		1993
)

@inproceedings(	du90
,author=	{Du, D. et al}
,title=		{Cycle {C}ompensation {P}rotocol: A {C}ompletely {F}air {P}rotocol for the {U}nidirectional {T}win {B}us {A}rchitecture}
,booktitle= 	{15th Conference on Local Computer Networks}
,year=	 	1990
,month=		sep
)

@inproceedings(	dwa89
,author=	{Davids, P. and Welzel, T. and Anwar, T}
,title=		{Performance Analysis of the {DQDB} Metropolitan Area Network}
,booktitle= 	{Proceedings of Singapore International Conference on Networks}
,year=	 	1989
,pages=		{222--227}
)

@inproceedings(	els88
,author=	{Elshoff, I. J. O.}
,title=		{A Distributed Debugger for Amoeba}
,booktitle=	{Proceedings of Workshop on Parallel and Distributed Debugging}
,year=		1988
,month=		may
,address=	{Madison, WI}
,publisher=	{ACM Press}	
,pages=		{1--10}
)

@booklet(	est87
,key=		{Estelle}
,title=		{User Guide for the {NBS} Prototype Compiler for {E}stelle}
,address=	{U.S. Dept. of Commerce, National Bureau of Standards}
,howpublished=	{Report No. ICST/SNA - 87/3}
,month=		oct
,year=		1987
)

@inproceedings(	fbt81
,author=	{Fratta, L. and Borgonovo, F. and Tobagi, F.A.}
,title=		{The {E}xpress-net: {A} local area communication network integrating voice and data}
,booktitle=	{Proceedings of International Conference on Performance of Data Communication Systems and Applications}
,year=		1981
,month=		sep
,address=	{Paris, France}
)

@manual(	fel78
,author=	{Feldman, S.I.}
,title=		{Unix Programmer's Manual: {M}ake --- {A} program for Maintaining Computer Programs}
,address=	{Bell Laboratories, Murray Hill, New Jersey 07974}
,year=		1978
) 

@manual(	iso79
,author=	{ISO}
,title=		{Reference Model of {O}pen {S}ystems {I}nterconnection}
,vol=		{Doc. ISO/T97/SC16 N227}
,year=		1979
) 

@booklet(	fddia
,author=	{Fddi}
,title=		{{F}iber {D}istributed {D}ata {I}nterface ({FDDI}) -- {T}oken {R}ing {M}edia {A}ccess {C}ontrol ({MAC})}
,howpublished=	{American National Standard for Information Systems, Doc. No. X3, 139--1987}
,year=		1987
,month=		nov
)

@booklet(	fddi
,key=		{FDDI}
,title=		{{F}iber {D}istributed {D}ata {I}nterface ({FDDI}) -- {T}oken {R}ing {M}edia {A}ccess {C}ontrol ({MAC})}
,howpublished=	{American National Standard for Information Systems, Doc. No. X3, 139--1987}
,year=		1987
,month=		nov
)

@booklet(	ethera
,author=	{Ethernet}
,title=		{The {E}thernet, {A} {L}ocal {A}rea {N}etwork, {D}ata {L}ink {L}ayer and {P}hysical {L}ayer {S}pecifications}
,howpublished=	{Digital Equipment Corporation, Intel Corporation, Xerox Corporation, Version 1.0}
,year=		1980
,month=		sep
)

@booklet(	ether
,key=		{Ethernet}
,title=		{The {E}thernet, {A} {L}ocal {A}rea {N}etwork, {D}ata {L}ink {L}ayer and {P}hysical {L}ayer {S}pecifications}
,howpublished=	{Digital Equipment Corporation, Intel Corporation, Xerox Corporation, Version 1.0}
,year=		1980
,month=		sep
)

@inproceedings(	fil89
,author=	{Filipiak, J.}
,title=		{Access Protection for Fairness in a Distributed Queue Dual Bus Metropolitan Area Network}
,booktitle=	{IEEE International Conference on Communications '89}
,year=		1989
,pages=		{635--639}
)

@article(	fit84
,author=	{Fine, M. and Tobagi, F.A.}
,title=		{Demand Assignment Multiple Access Schemes in Broadcast Bus Local Area Networks}
,journal=	{IEEE Transactions on Computers}
,month=		dec
,year=		1984
,volume=	33
,number=	12
,pages=		{1130--1159}
)

@article(	flo62
,author=	{Floyd, R.}
,title=		{Algorithm 97: shortest path}
,journal=	{Communications of the ACM}
,month=		jun
,year=		1962
,volume=	5
,number=	6
,pages=		{345}
)

@article(	gma93
,author=	{Gburzy\'{n}ski, P. and Maitan, J.}
,title=		{Deflection Routing in Regular {MNA} Topologies}
,journal=	{Journal of High Speed Networks}
,year=		1993
,volume=	2
,number=	2
,pages=		{99--131}
)

@article(	gbz93
,author=	{Gburzy\'{n}ski, P. and Zhou, X.}
,title=		{Ethernet for Short Packets}
,journal=	{International Journal of Modelling and Simulation}
,year=		1993
,note=		{To appear}
)

@techreport(	gbm90
,author=	{Gburzy\'{n}ski, P. and Maitan, J.}
,title=		{An object-oriented configurable simulator for low-level communication protocols}
,institution=	{University of Alberta}
,address=	{Edmonton, Alberta, Canada}
,type=		{Technical Report TR 90-8}
,month=		mar
,year=		1980
)

@article(	gof83
,author=	{Gold, Y.I. and Franta, W.R.}
,title=		{An efficient collision-free protocol for prioritized access control of cable or radio channel}
,journal=	{Computer Networks}
,year=		1983
,volume=	7
,pages=		{83--89}
)

@inproceedings(	gof83a
,author=	{Gold, Y.I. and Franta, W.R.}
,title=		{An efficient scheduling function for distributed multiplexing of a communication bus shared by a large number of users}
,booktitle=	{Proceedings of International Conference on Communications}
,year=		1982
,month=		jun
,address=	{Philadelphia, PA}
)

@inproceedings(	gry84
,author=	{Gerla, M. and Rodrigues, P. and Yeh, C.}
,title=		{U-Net: A Unidirectional Fiber Bus Network}
,booktitle=	{Proceedings of FOC/LAN `84}
,year=		1984
,month=		sep
,address=	{Las Vegas, NV}
,pages=		{295--299}
)

@article(	grl83
,author=	{Gruber, J.G. and Le, N.H.}
,title=		{Performance requirements for integrated voice data networks}
,journal=	{IEEE Journal on Selected Areas in Communications}
,month=		dec
,year=		1983
,volume=	1
,pages=		{981--1005}
)

@article(	gwr87
,author=	{Gerla, M. and Wang, G.S. and Rodrigues, P.}
,title=		{Buzz-Net: A Hybrid Token/Random Access {LAN}}
,journal=	{IEEE Journal on Selected Areas in Communications}
,month=		jul
,year=		1987
,volume=	5
,pages=		{977--988}
)

@inproceedings(	gbr87
,author=	{Gburzy\'{n}ski, P. and Rudnicki, P.}
,title=		{A Better-than-{T}oken Protocol with Bounded Packet Delay Time for {E}thernet-type {LAN}'s}
,booktitle=	{Proc. of Symposium on the Simulation of Computer Networks}
,publisher=	{IEEE}
,year=		1987
,month=		aug
,address=	{Colorado Springs, Co.} 
,pages=		{110--117}
)

@inproceedings(	gbr87a
,author=	{Gburzy\'{n}ski, P. and Rudnicki, P.}
,title=		{Using Time to Synchronize a {T}oken {E}thernet}
,booktitle=	{Proceedings of CIPS Edmonton '87}
,month=		nov
,year=		1987
,publisher=	{Canadian Information Processing Society}
,pages=		{280--288}
)

@inproceedings(	gbr88
,author=	{Gburzy\'{n}ski, P. and Rudnicki, P.}
,title=		{Bounded Packet Delay Protocols for {CSMA/CD} Bus: Modeling in {LANSF}}
,booktitle=	{Proceedings of the 19th Annual Pittsburgh Conference on Modeling and Simulation}
,publisher=	{Instrumentation Society of America}
,volume=	19
,year=		1988
,pages=		{1185--1194}
)

@inproceedings(	gbr88a
,author=	{Gburzy\'{n}ski, P. and Rudnicki, P.}
,title=		{Modeling Low-level Communication Protocols: A Modular Approach}
,booktitle=	{Proceedings of the 4th International Conference on Modeling Techniques and Tools for Computer Performance Evaluation}
,publisher=	{Universitat de les Illes Balears}
,year=		1988
,address=	{Palma de Mallorca, Spain}
,pages=		{89--108}
)

@manual(	gbr88b
,author=	{Gburzy\'{n}ski, P. and Rudnicki, P.}
,title=		{{LANSF} --- A Configuarble System for Modeling Communication Networks, version 1.4}
,address=	{University of Alberta, Department of Computing Science, TR 88-19, Edmonton}
,year=		1988
) 

@article(	gbr88c
,author=	{Gburzy\'{n}ski, P. and Rudnicki, P.}
,title=		{A virtual token protocol for bus networks: correctness and performance}
,journal=	{INFOR}
,volume=	27
,year=		1989
,pages=		{183--205}
)

@article(	dgr93
,author=	{Dobosiewicz, W. and Gburzy\'{n}ski, P. and Rudnicki, P.}
,title=		{On two Collision Protocols for High Speed Bus {LAN}s}
,journal=	{Computer Networks and ISDN Systems}
,volume=	25
,number=	11
,month=		jun
,year=		1993
,pages=		{1205-1225}
)

@inproceedings(	gbr89
,author=	{Gburzy\'{n}ski, P. and Rudnicki, P.}
,title=		{On Formal Modelling of Communication Channels}
,booktitle=	{Proceedings of IEEE INFOCOM'89}
,year=		1989
,pages=		{143--151}
)

@inproceedings(	dgb90
,author=	{Dobosiewicz, W. and Gburzy\'{n}ski, P.}
,title=		{Performance of {P}iggyback {E}thernet}
,booktitle=	{IEEE IPCCC'90}
,address=	{Scottsdale, AZ}
,year=		1990
,month=		mar
,pages=		{516--522}
)

@article(	gbr89a
,author=	{Gburzy\'{n}ski, P and Rudnicki, P.}
,title=		{A Note on the Performance of {ENET II}}
,journal=	{IEEE Journal on Selected Areas in Communications}
,month=		apr
,year=		1989
,volume=	7
,pages=		{424--427}
)

@manual(	gbr89b
,author=	{Gburzy\'{n}ski, P. and Rudnicki, P.}
,title=		{The {LANSF} Protocol Modeling Environment, version 2.0}
,address=	{University of Alberta, Department of Computing Science, TR 89-19, Edmonton}
,year=		1989
) 

@inproceedings(	gbr89c
,author=	{Gburzy\'{n}ski, P. and Rudnicki, P.}
,title=		{On Executable Specifications, Validation, and Testing of {MAC}-level Protocols}
,booktitle=	{Proceedings of the 9th IFIP WG 6.1 Int. Symposium on Protocol Specification, Testing, and Verification, June 1989, Enschede, The Netherlands}
,editor=	{Brinksma, E. and Scollo, G. and Vissers C. A.}
,publisher=	{North-Holland}
,year=		1990
,pages=		{261--273}
)

@incollection(	gbr89d
,author=	{Gburzy\'{n}ski, P. and Rudnicki, P.}
,title=		{{LANSF}---A Modular System for Modelling Low-level communication protocols}
,booktitle=	{Modeling Techniques and Tools for Computer Performance Evaluation}
,editor=	{Puigjaner, R. and Potier, D.}
,publisher=	{Plenum Publishing Company}
,year=		1989
,pages=		{77--93}
)

@inproceedings(	gbr90
,author=	{Gburzy\'{n}ski, P. and Rudnicki, P.}
,title=		{Modelling of reactive systems in {SMURPH}}
,booktitle=	{Proceedings of the European Simulation Multiconference}
,address=	{Erlangen-Nuremberg, W-Germany}
,month=		jun
,year=		1990
,pages=		{661--667}
)

@article(	gbr91a
,author=	{Gburzy\'{n}ski, P. and Rudnicki, P.}
,title=		{{LANSF:} A Protocol Modelling Environment and its Implementation}
,journal=	{Software Practice and Experience}
,volume=	21
,number=	1
,year=		1991
,month=		jan
,pages=		{51--76}
)

@inproceedings(	grb91
,author=	{Berard, M. and Gburzy\'{n}ski, P. and Rudnicki, P.}
,title=		{Developing {MAC} Protocols with Global Observers}
,booktitle=	{Proceedings of Computer Networks'91}
,addres=	{Wroclaw, Poland}
,month=		jun
,year=		1991
,pages=		{261--270}
)

@inproceedings( dog93a
,author=        {Dobosiewicz, W. and Gburzy\'{n}ski, P.}
,title=         {{SMURPH}: An Object Oriented Simulator for Communication Networks and Protocols}
,booktitle=     {Proceedings of MASCOTS'93, Tools Fair Presentation}
,addres=        {San Diego, CA}
,month=         jan
,year=          1993
,pages=         {351--352}
)

@inproceedings(	gbr91
,author=	{Gburzy\'{n}ski, P. and Rudnicki, P.}
,title=		{Object-Oriented Simulation in {SMURPH}: A Case Study of {DQDB} Protocol}
,booktitle=	{Proceedings of 1991 Western Multi Conference on Object-Oriented Simulation}
,address=	{Anaheim, California}
,month=		feb
,year=		1991
,pages=		{12--21}
)

@manual(	gbr91b
,author=	{Gburzy\'{n}ski, P. and Rudnicki, P.}
,title=		{The {SMURPH} Protocol Modelling Environment}
,address=	{University of Alberta, Department of Computing Science, Edmonton, Alberta, Canada T6G 2H1}
,year=		1991
) 

@article(	gow85
,author=	{Gopal, P.M. and Wong, J.W.}
,title=		{Analysis of a Hybrid {T}oken-{CSMA/CD} Protocol for Bus Networks}
,journal=	{Computer Networks and ISDN Systems}
,volume=	9
,year=		1985
,pages=		{131--141}
)

@article(	got88
,author=	{Gonsalves, T. A. and Tobagi, F. A.}
,title=		{On the Performance Effects of Station Locations and Access Protocol Parameters in {E}thernet Networks}
,journal=	{IEEE Transactions on Communications}
,volume=	36
,number=	4
,month=		apr
,year=		1988
,pages=		{441--449}
)

@article(	tas86
,author=	{Tasaka, S.}
,title=		{Dynamic Behaviour of a {CSMA/CD} System with a Finite Population of Buffered Users}
,journal=	{IEEE Transactions on Communications}
,volume=	34
,number=	6
,month=		jun
,year=		1986
,pages=		{576--586}
)

@inproceedings(	gro86
,author=	{Groz, R.}
,title=		{Unrestricted Verification of Protocol Properties in a Simulation Using an Observer Approach}
,booktitle=	{Proceedings of the IFIP WG 6.1 6th Workshop on Protocol Specification, Testing, and Verification}
,year=		1986
,month=		jun
,publisher=	{North-Holland}	
,pages=		{255--266}
)

@inproceedings(	has92
,author=	{Haas, Z.}
,title=		{Private Communication}
,booktitle=	{IEEE Workshop on the Architecture and Implementation of High Performance Communication Subsystems}
,year=		1992
,month=		feb
,address=	{Tucson, AZ}	
)

@inproceedings(	hcm90
,author=	{Hahne, E.L. and Choudhury, A. and Maxemchuk, N.F.}
,title=		{Improving the Fairness of {DQDB} networks}
,booktitle=	{Proceedings of IEEE INFOCOM'90}
,year=		1990
,month=		jun
,address=	{San Francisco, CA}	
,pages=		{175--184}
)

@inproceedings(	max88a
,author=	{Maxemchuk, N.F.}
,title=		{Distributed Clocks in Slotted Networks}
,booktitle=	{Proceedings of IEEE INFOCOM'88}
,year=		1988
,pages=		{119-125}
)

@article(	har88
,author=	{Harel, D.}
,title=		{On Visiual formalisms}
,journal=	{Communications of the ACM}
,volume=	31
,number=	5
,month=		may
,year=		1988
,pages=		{514--530}
)

@book(		hoa85
,author=	{Hoare, C.A.R}
,title=		{Communicating Sequential Processes}
,publisher=	{Prentice-Hall Int.}
,year=		1985
)

@book(		hes88
,author=	{Henshall, J. and Shaw, A.}
,title=		{{OSI} Explained: End to End Computer Communication Standards}
,publisher=	{Ellis, Horwood}
,address=	{Chichester, England}
,year=		1985
)

@book(		hol91
,author=	{Holzmann, G.J.}
,title=		{Design and Validation of Computer Protocols}
,publisher=	{Prentice-Hall Int.}
,year=		1991
)

@article(	hkm88
,author=	{Howard, J.H. and Kazar, M.L. and Menees, S.G. and Nichols, D.A. and Satyanarayanan, M. and Sidebotham, R.N. and West, M.J.}
,title=		{Scale and performance in a distributed file system}
,journal=	{ACM Transactions on Computer Systems}
,year=		1988
,volume=	6
,number=	1
,month=		feb
,pages=		{51--81}
)

@book(		htw86
,author=	{Hopper, A. and Temple, S. and Williamson, R.}
,title=		{Local Area Network Design}
,publisher=	{Addison-Wesley}
,year=		1986
)

@inproceedings(	hyh91
,author=	{Hyun, I.J. and Han, K.J.}
,title=		{Dynamic Bandwidth Balancing Mechanism for Improving {DQDB} performance}
,booktitle=	{Proceedings of IEEE ICC'91}
,year=		1991
,month=		jun
,address=	{Denver, CO}	
,pages=		{1345--1349}
)

@inproceedings(	jam90
,author=	{Jacquet, P. and Muhlender, P.}
,title=		{Machnet: A {S}imple {A}ccess {P}rotocol for {H}igh {S}peed or {L}ong {H}aul {C}ommunications}
,booktitle=	{SIGCOMM'90 Symposium}
,pages=		{90-100}
,month=		sep
,year=		1989
)

@techreport(	jts80
,author=	{Jensen, E.D. and Tokoro, M. and Sha, L.}
,title=		{Bus allocation scheme for distributed real-time systems}
,institution=	{Carnegie-Mellon University}
,address=	{Pittsburgh, PA}
,type=		{Technical Report}
,month=		dec
,year=		1980
)

@inproceedings(	kaa89
,author=	{Kamal, A.E. and Abeysundara, B.W.}
,title=		{{Z-NET}: A dual bus fiber-optic {LAN} using active and passive switches}
,booktitle=	{Proceedings of IEEE INFOCOM'89}
,year=		1989
)

@article(	kag90
,author=	{Karol, M.J. and Gitlin, R.D.}
,title=		{High-Performance Optical Local and Metropolitan Area Networks: Enhancements of {FDDI} and {IEEE} 802.6 {DQDB}}
,journal=	{IEEE Journal on Selected Areas in Communications}
,year=		1990
,volume=	8
,number=	8
,month=		oct
,pages=		{1439--1448}
)

@article(	hsw83
,author=	{Huber, D. and Steinlin, W. and Wild, P.}
,title=		{{SILK}: an Implementation of a Buffer Insertion Ring}
,journal=	{IEEE Journal on Selected Areas in Communications}
,year=		1983
,volume=	1
,number=	5
,month=		nov
,pages=		{766--774}
)

@article(	hop83
,author=	{Hopper, A. and Williamson, R.}
,title=		{Design and Use of an Integrated {C}ambridge Ring}
,journal=	{IEEE Journal on Selected Areas in Communications}
,year=		1983
,volume=	1
,number=	5
,month=		nov
,pages=		{775--784}
)

@techreport(	kpp91
,author=	{Karvelas, D. and Papamichail, M. and Polyzos, G.C.}
,title=		{The Rotating Slot Generator Dual Bus}
,institution=	{New Jersey Institute of Technology}
,type=		{CIS-91-26}
,year=		1991
)

@inproceedings(	kpp92
,author=	{Karvelas, D. and Papamichail, M. and Polyzos, G.C.}
,title=		{Performance Analysis of the Rotating Slot Generator Scheme}
,booktitle=	{Proceedings of IEEE INFOCOM'92}
,year=		1992
,month=		may
,address=	{Florence, Italy}
,pages=		{794--803}
)

@unpublished(	kam87
,author=	{Kamal, A.}
,title=		{A {CSMA/CD} Bus Network Protocol with Resolution of Multiplicity-Two Collisions}
,note=		{University of Alberta, Department of Computing Science, Edmonton (unpublished)}
,year=		1987
)

@article(	kam90
,author=	{Kamal, A.}
,title=		{Comments on {``Analysis of a Hybrid Multiple Access Protocol \ldots"} and author's reply}
,journal=	{IEEE Transactions on Communications}
,year=		1990
,volume=	38
,number=	2
,month=		feb
,pages=		{142--143}
)

@inproceedings(	ka90a
,author=	{Kamal, A.}
,title=		{On the Use of Multiple Tokens on Ring Networks}
,booktitle=	{Proceedings of IEEE INFOCOM'90}
,year=		1990
,month=		jun
,address=	{San Francisco, CA}
,pages=		{15--22}
)

@article(	kam88
,author=	{Kamal, A.}
,title=		{Comments on {``Analysis of a Hybrid Multiple Access Protocol \ldots"} and author's reply}
,journal=	{IEEE Transactions on Communications}
,year=		1990
,volume=	38
,number=	2
,month=		feb
,pages=		{142--143}
)

@inproceedings(	kwh92
,author=	{Kamal, A.E. and Wong, J.W. and Hassanein, H.S.}
,title=		{An Algorithm for Slot Reuse in {DQDB} Networks}
,booktitle=	{Proceedings of IEEE MAN Workshop}
,year=		1992
,month=		may
,address=	{Taormina, Italy}	
)

@inproceedings(	ket84
,author=	{Ketonen, J.}
,title=		{{EKL}---A Mathematically Oriented Proof Checker}
,booktitle=	{Proceedings of 7th Int. Conf. on Automated Deduction}
,year=		1984
,month=		may
,address=	{Napa, CA}
,pages=		{65--79}
)

@article(	kik83
,author=	{Kiesel, W.M. and  K\"{u}ehn, P.J.}
,title=		{A New {CSMA/CD} Protocol for Local Area Networks with Dynamic Priorities and Low Collision Probability}
,journal=	{IEEE Journal on Selected Areas in Communications}
,volume=	1
,number=	5
,year=		1983
,pages=		{869--876}
)

@book(	        kla75
,author=	{Kleinrock, L}
,title=		{Queuing Systems}
,publisher=	{John Wiley \& Sons}
,year=		1975
)

@inproceedings(	kle87
,author=	{Kleinrock, L. and Levy, H.}
,title=		{On the Behavior of a Very Fast Bidirectional Bus Network}
,booktitle=	{Proceedings of the 1987 IEEE International Communications Conference}
,year=		1987
,month=		jun
,address=	{Seattle, Washington}
,pages=		{1419--1426}
)

@book(		her88
,author=	{Herbert, N.}
,title=		{Faster than Light}
,publisher=	{New American Library}
,year=		1988
)

@book(		kn1
,author=	{Knuth, D. E.}
,title=		{The Art of Computer Programming, Volume~1: Fundamental Algorithms}
,publisher=	{Addison Wesley}
,year=		1973
)

@book(		kn3
,author=	{Knuth, D.E.}
,title=		{The Art of Computer Programming, Volume~3: Sorting and Searching}
,publisher=	{Addison Wesley}
,year=		1973
)

@book(		zip49
,author=	{Zipf, G.K.}
,title=		{Human Behavior and the Principle of Least Effort, an Introduction to Human Ecology}
,publisher=	{Addison-Wesley}
,address=	{Reading, Massachusetts}
,year=		1949
)

@book(		knu84
,author=	{Knuth, D. E.}
,title=		{The \TeX book}
,publisher=	{Addison Wesley}
,year=		1984
)

@inproceedings(	kun86
,author=	{Kundert, K.S.}
,title=		{Sparse matrix techniques}
,booktitle=	{Circuit Analysis, Simulation and Design}
,year=		1986
,editor=	{Albert Ruehli}
,publisher=	{North-Holland}
)

@article(	lam80
,author=	{Lam, S.S.}
,title=		{A Carrier Sense Multiple Access Protocol for Local Networks}
,journal=	{Computer Networks and ISDN Systems}
,volume=	4
,year=		1980
,pages=		{21--32}
)

@book(		lam85
,author=	{Lamport, L.}
,title=		{\LaTeX: a document preparation system}
,publisher=	{Addison-Wesley}
,year=		1985
)

@article(	lam77
,author=	{Lamport, L.}
,title=		{Proving the correctness of multiprocess programs}
,journal=	{IEEE Transactions on Sofware Engineering}
,volume=	3
,number=	2
,year=		1977
,pages=		{125--143}
)

@book(		lan85
,author=	{Lane, M.G}
,title=		{Data Communications Software Design}
,publisher=	{Boyd \& Fraser Publishing Company}
,address=	{Boston}
,year=		1988
)

@article(	lif82
,author=	{Limb, J.O. and Flores, C.}
,title=		{Description of {F}asnet, {A} unidirectional local area communications network}
,journal=	{Bell Systems Technical Journal}
,month=         sep
,year=		1982
)

@inproceedings(	lim90
,author=	{Limb, J.O.}
,title=		{A {S}imple {M}ultiple {A}ccess {P}rotocol for {M}etropolitan {A}rea {N}etworks}
,booktitle=	{SIGCOMM'90 Symposium}
,pages=		{69-78}
,year=		1990
,month=		sep
)

@article(	lob88
,author=	{Logrippo, L. and Obaid, A. and Briand, J. P. and Fehri, M. C.}
,title=		{An Interpreter for {LOTOS}, A Specification Language for Distributed Systems}
,journal=	{Software Practice and Experience}
,month=         apr
,year=		1988
,volume=	18
,number=	4
,pages=		{365--385}
)

@inproceedings(	lou84
,author=	{Loucks, W.M. and others}
,title=		{Short-Packet Transfer Performance in Local Area Rings}
,booktitle=	{Proceedings of IEEE INFOCOM'84}
,pages=		{174-181}
,year=		1984
)

@inproceedings(	mdg90
,author=	{Maciejewski, V. and Dobosiewicz, W. and Gburzy\'{n}ski, P.}
,title=		{Behavior of unfair protocols under file server traffic}
,booktitle=	{SICON'90}
,pages=		{1138-1142}
,year=		1990
,month=		nov
,address=	{Singapore}
)

@manual(	mac90
,author=	{Maciejewski, V.}
,title=		{Evaluating fairness in broadcast bus networks}
,address=	{University of Alberta, Edmonton, Canada}
,note=		{MSc thesis}
,year=		1990
)

@techreport(	jai89
,author=	{Jain, R.}
,title=		{Performance Analysis of {FDDI} Token Ring Networks: Effect of Parameters and Guidelines for Setting {TTRT}}
,institution=	{Digital Equipment Corporation}
,number=	{DEC-TR-655}
,year=		1989
)

@inproceedings(	mah91
,author= 	{Maitan, J. and Harwit, A.}
,title= 	{A Multidisciplinary Approach to the Development of Low-Cost High-Performance Lightwave Network}
,booktitle= 	{Second NASA Space Communication Technology Conference}
,adress=	{Cleveland, Ohio}
,month=		nov
,year= 		{1991}
)

@incollection(	mar91
,author=	{Maitan, J. and Ras, Z.}
,title=		{Reconfigurable network architecture for distributed problem solving}
,editor=	{Mario Fedrizzi}
,booktitle=	{Interactive Optimization and Mathematical Programming}
,publisher=	{Springer Verlag}
,year=		1991
)

@article(	mar83
,author=	{Marson, A. and Rofinella, D.}
,title=		{Multichannel Local Area Network Protocols}
,journal=	{IEEE Journal on Selected Areas in Communication}
,month=         jan
,year=		1983
,volume=	1
,pages=		{885--897}
)

@inproceedings(	mww90a
,author= 	{Maitan, J. and Walichiewicz, L. and Wealand, B.}
,title= 	{Integrated Communication and Information Fabric for Space Applications}
,booktitle= 	{AIAA/NASA Second International Symposium on Space Information Systems}
,adress=	{Pasadena, CA}
,month=		sep
,year= 		{1990}
,pages=		{1175-1184}
)

@article(	maw84
,author=	{Manna, Z. and Wolper, P.}
,title=		{Synthesis of communication processes from temporal logic specifications}
,journal=	{ACM Transactions on Programming Languages and Systems}
,month=         jan
,year=		1984
,volume=	6
,number=	4
,pages=		{68--93}
)

@inproceedings(	mar82
,author= 	{Marsan, M.A.}
,booktitle= 	{IEEE International Conference on Communications '82}
,title= 	{Fairness in Local Computer Networks}
,pages= 	{2F.4/1-6}
,volume= 	{1}
,year= 		{1982}
)

@book(		mar88
,author=	{Martin, J.}
,title=		{Data Communication Technology}
,publisher=	{Prentice-Hall}
,address=	{Englewood Cliffs, NJ}
,year=		1988
)

@book(		mar89
,author=	{Martin, J.}
,title=		{Local Area Networks}
,publisher=	{Prentice-Hall}
,address=	{Englewood Cliffs, NJ}
,year=		1989
)

@article(	max88
,author=	{Maxemchuk, N.F.}
,title=		{Twelve random access strategies for fiber optic networks}
,journal=	{IEEE Transactions on Communications}
,year=		1988
,volume=	36
,number=	8
,month=		aug
,pages=		{942--950}
)

@inproceedings(	max89
,author=	{Maxemchuk, N.F.}
,title=		{Comparison of Deflection and Store-and-Forward Techniques in {M}anhattan-Street Network and Shuffle-Exchange Networks}
,booktitle=	{Proceedings of IEEE INFOCOM'89}
,year=		1989
,pages=		{800--809}
)

@incollection(	max91
,author=	{Maxemchuk, N.F.}
,title=		{Problems arising from deflection routing}
,editor=	{Pugolle}
,booktitle=	{High Capacity Local and Metropolitan Networks}
,publisher=	{Springer Verlag}
,year=		1991
,pages=		{209--233}
)

@book(		may88
,author=	{Mayn, A.J}
,title=		{Linked Local Area Networks}
,publisher=	{John Wiley \& Sons}
,year=		1986
)

@inproceedings(	mda86
,author=	{Molva, R. and Diaz, M. and Ayache, J.M.}
,title=		{Observer: a run-time checking tool  for Local Area Networks}
,booktitle=	{Proceedings of the IFIP WG 6.1 6th Workshop on Protocol Specification, Testing, and Verification}
,publisher=	{North-Holland}
,year=		1987
,pages=		{495--506}
)

@article(	meb76
,author=	{Metcalfe, R.M. and Boggs, D.R.}
,title=		{Ethernet: Distributed Packet Switching for Local Computer Networks}
,journal=	{Communications of the ACM}
,year=		1976
,volume=	19
,number=	7
,month=		jul
,pages=		{395--404}
)

@book(		mil80
,author=	{Milner, R.}
,title=		{A Calculus of Communicating Systems}
,series=	{LNCS 92}
,publisher=	{Springer Verlag}
,year=		1980
)

@article(	mis86
,author=	{Misra, J.}
,title=		{Distributed Discrete-Event Simulation}
,journal=	{ACM Computing Surveys}
,year=		1986
,volume=	18
,number=	1
,month=		mar
,pages=		{39--65}
)

@article(	bcm87
,author=	{Bagrodia, R. and Chandy, K.M. and Misra. J.}
,title=		{A message-based approach to discrete event simulation}
,journal=	{IEEE Transactions on Software Engineering}
,year=		1987
,volume=	13
,number=	6
,month=		jun
,pages=		{654--665}
)

@article(	blu94
,author=	{Baezner, D. and Lomow, G. and Unger, B.}
,title=		{A parallel simulation environment based on {T}ime {W}arp}
,journal=	{International Journal of Computer Simulation}
,year=		1994
,note=		{To appear.}
)

@article(       ugm94
,author=        {Unger, B.W. and Goetz, D.J. and Maryka, S.W.}
,title=         {The Simulation of {SS7} Common Channel Signaling}
,journal=       {IEEE Communications}
,year=          1994
,month=		mar
,number=	3
,volume=	32
,pages=		{52-62}
)

@article(	fuj90
,author=	{Fujimoto, R.M.}
,title=		{Parallel discrete event simulation}
,journal=	{Communications of the ACM}
,year=		1990
,volume=	33
,number=	10
,month=		oct
,pages=		{30--53}
)

@article(	mol85
,author=	{Molloy, M.K.}
,title=		{Collision Resolution on the {CSMA/CD} Bus}
,journal=	{Computer Networks and ISDN Systems}
,volume=	9 
,year=		1985
,pages=		{209--214}
)

@inproceedings(	mou79
,author=	{Moura, J.A.B and others}
,title=		{Simulation of Collision Control Algorithms in {E}thernets}
,booktitle=	{Proceedings of the 6th Data Communication Symposium}
,year=		1979
,address=	{Asilomar Conference Grounds, Pacific Grove, Ca.}
)

@inproceedings(	moz85
,author=	{Mostowski, M. and Trybulec, Z.}
,title=		{A certain Experimental computer aided course of logic in {P}oland}
,booktitle=	{Proceedings of World Conference on Computers in Education}
,year=		1985
,address=	{Norfolk, VA}
)

@article(	muk92
,author=	{Mukherjee, B.}
,title=		{WDM-Based Local Lightwave Networks Part {I}: Single-Hop Systems}
,journal=	{IEEE Network}
,year=		1992
,volume=	6
,number=	3
,month=		may
,pages=		{12--27}
)

@techreport(	mub92
,author=	{Mukherjee, B. and Bisdikian, C.}
,title=		{A Journey through the {DQDB} Network Literature}
,institution=	{IBM Research Division}
,type=		{RC 17016}
,month=		jul
,year=		1991
)

@article(	mum88
,author=	{Mukherjee, B. and Meditch, J.S.}
,title=		{The $p_i$-persistent protocols for unidirectional broadcast bus networks}
,journal=	{IEEE Transactions on Communications}
,year=		1988
,volume=	36
,number=	12
,month=		dec
,pages=		{1277--1286}
)

@article(	mut84
,author=	{Mullender, S.J. and Tanenbaum, A.S.}
,title=		{Immediate files}
,journal=	{Software Practice and Experience}
,year=		1984
,volume=	14
,number=	4
,month=		apr
,pages=		{365--368}
)

@inproceedings( mmg89
,author=        {MacGregor, M.H. and Gregorish, R.M. and Maydell, U.M.}
,title=         {Performance of the {ACR/NEMA} Protocol}
,booktitle=     {SPIE Medical Imaging III}
,year=          {1989}
)

@inproceedings(	mnw90
,author=	{Mueller, H.R. and Nassehi, M.M and Wong, J.W.}
,title=		{{DQMA} and {CRMA}: New Access Schemes for {G}bit/s {LAN}s and {MAN}s}
,booktitle=	{Proceedings of IEEE INFOCOM'90}
,year=		1990
,month=		jun
,address=	{San Francisco, CA}
)

@inproceedings(	krh90
,author=	{Krishna, A. and Hajek, B.}
,title=		{Performance of Shuffle-Like Switching Networks with Deflection}
,booktitle=	{Proceedings of IEEE INFOCOM'90}
,year=		1990
,month=		jun
,address=	{San Francisco, CA}
,pages=		{473-480}
)

@inproceedings(	mww90
,author=	{Maitan, J. and Walichewicz, L. and Wealand, B}
,title=		{A New Low Cost Communication Scheme for Military Applications}
,booktitle=	{Proceedings of Milcom'90}
,year=		1990
,address=	{Monterey, CA}
)

@techreport(	nak85
,author=	{Nakamura, Y.}
,title=		{A Language for Description of Mathematics---{THEAX}}
,institution=	{Shinshu University FIE, Nagano City, Japan}
,note=		{In Japanese.}
,year=		1985
)

@inproceedings(	nas90
,title=		{{CRMA}: An Access Scheme for High-Speed {LAN}s and {MAN}s}
,author=	{Nassehi, N.M.}
,booktitle=	{Proceedings of SUPERCOMM/ICC'90}
,year=		1990
,address=	{Atlanta, GA}
,month=		apr
)

@article(	ngs88
,author=	{Nain, P.  and Georganas, N.D. and Stewart, W. J.}
,title=		{Analysis of a Hybrid Multiple Access Protocol with Free Access of New Arrivals During Conflict Resolution}
,journal=	{IEEE Transactions on Communications}
,year=		1988
,volume=	36
,number=	7
,month=		jul
,pages=		{806--815}
)

@article(	nie89
,author=	{Nieva Soto, S.}
,title=		{The {R}easoner of {MIZAR}/{LOG}}
,journal=	{Computerized Logic Teaching Bulletin}
,year=		1989
,volume=	2
,number=	1
,month=		mar
,pages=		{22--35}
)

@article(	pam90
,author=	{Pakkam, S. R. and Manikopoulos, C. N.}
,title=		{Performance Evaluation of the {C}onsumer {E}lectronic {B}us}
,journal=	{IEEE Transactions on Consumer Electronics}
,year=		1991
,note=		{(In press.)}
)

@article(	yam92
,author=	{Yang, J. and  Manikopoulos, C. N.}
,title=		{Router connected physical media in networking the intelligent home}
,journal=	{IEEE Transactions on Consumer Electronics}
,year=		1992
,month=		feb
,vol=		38
,number=	1
,pages=		{30--35}
)

@article(	yam92a
,author=	{Yang, J. and  Manikopoulos, C. N.}
,title=		{Investigation of the performance of a controlled router for the {CEB}us}
,journal=	{IEEE Transactions on Consumer Electronics}
,year=		1992
,month=		nov
,vol=		38
,number=	4
,pages=		{831--841}
)

@inproceedings(	par88
,author=	{Parrow, J.}
,editor=	{Brinksma, E. and Scollo, G. and Vissers C. A.}
,title=		{Verifying a {CSMA/CD} protocol with {CCS}}
,booktitle=	{Proceedings of the 8th IFIP WG 6.1 Int. Symposium on Protocol Specification, Testing, and Verification}
,publisher=	{North-Holland}
,year=		1988
,pages=		{373--384}
)

@book(		pic86
,author=	{Pickholtz, R.L., ed.}
,title=		{Local Area \& Multiple Access Networks}
,publisher=	{Computer Science Press}
,year=		1986
)

@inproceedings(	pia85
,author=	{Pickholtz, R.L. and Abdelaziz, M.H.}
,title=		{Performance Analysis of a Priority User Protocol Embedded in a {CSMA/CD} Channel}
,booktitle=	{Proceedings of IEEE INFOCOM'85}
,pages=		{419-425}
,year=		1985
)

@inproceedings(	ppp92
,author=	{Pach, A.R. and Palazzo, S. and Panno, D.}
,title=		{Improving {DQDB} throughput by a slot preuse technique}
,booktitle=	{ICC'92}
,year=		1992
,month=		jun
,address=	{Chicago, USA}
)

@article(	ryk91
,author=	{Ramachandran, U. and Yousef, M. and Khaldi, A.}
,title=		{An Implementation of Distributed Shared Memory}
,journal=	{Software Practice and Experience}
,year=		1991
,volume=	21
,number=	5
,month=		may
,pages=		{443--464}
)

@inproceedings(	rfg84
,author=	{Rodrigues, P.A. and Fratta, L. and Gerla, M.}
,title=		{Tokenless Protocols for Fiber Optics Local Area Networks}
,booktitle=	{Proceedings of the International Communications Conference}
,volume=	3
,year=		1984
,pages=		{1150--1153}

)

@article(	ram89
,author=	{Ramarao, K. V. S.}
,title=		{Distributed Algorithms for Network Recognition Problems}
,journal=	{IEEE Trans. on Computers}
,year=		1989
,volume=	38
,number=	9
,month=		sep
,pages=		{1240--1248}
)

@article(	rig85
,author=	{R\'{\i}os, M. and Georganas, N.D.}
,title=		{A Hybrid Multiple-Access Protocol for Data and Voice-Packet Over Local Area Networks}
,journal=	{IEEE Trans. on Computers}
,year=		1985
,volume=	34
,number=	1
,month=		jan
,pages=		{90--94}
)

@article(	rud85
,author=	{Rudnicki, P. and Drabent, W.}
,title=		{Proving Properties of {P}ascal Programs in {MIZAR} 2}
,journal=	{Acta Informatica}
,year=		1985
,volume=	22
,pages=		{311--331}
,note=		{Erratum pp. 699--707.}
)

@article(	rud87
,author=	{Rudnicki, P.}
,title=		{Obvious Inferences}
,journal=	{Journal of Automated reasoning}
,year=		1987
,volume=	3
,pages=		{383--393}
)

@techreport(	rud88
,author=	{Pra\.{z}mowski, K. and Rudnicki, P. and others}
,title=		{Mizar-{MSE} Primer and User Guide}
,institution=	{University of Alberta, Department of Computing Science, Edmonton}
,editor=	{Rudnicki, P.}
,type=		{TR 88-9}
,year=		1988
)

@article(	sch82
,author=	{Shoch, J.F. and others}
,title=		{Evolution of the {E}thernet Local Computer Network}
,journal=	{IEEE Computer}
,month=		aug
,volume=	15
,number=	8
,pages=		{10-26}
,year=		1982
)

@article(	rcg94
,author=	{Rooholamini, R. and Cherkassky, V. and Garver, M.}
,title=		{Finding the Right {ATM} Switch for the Market}
,journal=	{IEEE Computer}
,month=		apr
,volume=	27
,number=	4
,pages=		{17-28}
,year=		1994
)

@book(		sch87
,author=	{Schwartz, M.}
,title=		{Telecommunication Networks: Protocols, Modeling and Analysis}
,publisher=	{Addison-Wesley}
,year=		1987
)

@techreport(	sch88
,author=	{Schwetman, Herb}
,title=		{Using {CSIM} to Model Complex Systems}
,institution=	{MCC, Austin, TX}
,type=		{ACA-ST-154-88}
,year=		1988
)

@article(	sei85
,author=	{Seitz, C.L.}
,title=		{The Cosmic Cube}
,journal=	{Communications of the ACM}
,month=		jan
,volume=	28
,number=	1
,pages=		{22-33}
,year=		1985
)

@incollection(  sgb75
,author=        {Smith, R.L. and others}
,title=         {Computer-Assisted Axiomatic Mathematics: Informal Rigor}
,editor=        {Lecarme, O. and Lewis, R.}
,booktitle=     {Computers in Education}
,publisher=     {North Holland}
,year=          1975
,pages=         {803--809}
)

@incollection(  sdr87
,author=        {Shoch, J.F. and others}
,title=         {Ethernet}
,editor=        {Kummerle, K. and Tobagi, F. and Limb, J.O.}
,booktitle=     {Advances in Local Area Networks}
,publisher=     {IEEE Press}
,address=	{New York}
,year=          1987
)

@incollection(	grg86
,author=	{Greenberg, A.G. and Goodman, J.}
,title=		{Sharp Approximate Models of Adaptive Routing in Mesh Networks}
,editor=	{Boxma, O.J. and Cohen, J.W. and Tijms, H.C.}
,booktitle=	{Teletraffic Analysis and Computer Performance Evaluation}
,publisher=	{Elsevier Science Publishers B.V. (North-Holland)}
,year=		1986
,pages=		{255-270}
)

@article(	sta84
,author=	{Stallings, W.}
,title=		{Local Network Performance}
,journal=	{IEEE Communications Magazine}
,month=		feb
,volume=	22
,number=	2
,pages=		{27-36}
,year=		1984
)

@article(	pet84
,author=	{Petitpierre, C.}
,title=		{Meshed local computer networks}
,journal=	{IEEE Communications Magazine}
,month=		aug
,volume=	22
,number=	8
,pages=		{36-40}
,year=		1984
)

@book(		jai94
,author=	{Jain, R.}
,title=		{{FDDI} Handbook}
,publisher=	{Addison-Wesley}
,year=		1994
)

@book(		sta85
,author=	{Stallings, W.}
,title=		{Local Network Technology}
,publisher=	{IEEE Computer Society Press}
,year=		1985
,note=		{second edition}
)

@book(		sta88
,author=	{Stallings, W.}
,title=		{Local Networks: An Introduction}
,publisher=	{Macmillan}
,year=		1987
)

@book(		sta94
,author=	{Stallings, W.}
,title=		{Data and Computer Communications}
,publisher=	{Macmillan}
,year=		1994
,note=		{fourth edition}
)

@book(		sta87
,author=	{Stallings, W.}
,title=		{Data and Computer Communications}
,publisher=	{Macmillan}
,year=		1994
,note=		{fourth edition}
)

@book(		sta90
,author=	{Stallings, W.}
,title=		{Local Networks}
,publisher=	{Macmillan}
,year=		1990
)

@book(		sta87a
,author=	{Stallings, W.}
,title=		{Handbook of Computer Communications Standards}
,publisher=	{Macmillan}
,year=		1987
)

@incollection(	sta86
,author=	{Stallings, W.}
,title=		{A Tutorial on the {IEEE} 802 {L}ocal {N}etwork {S}tandard}
,editor=	{Pickholtz, R.L.}
,booktitle=	{Local Area \& Multiple Access Networks}
,publisher=	{Computer Science Press}
,year=		1986
,pages=		{1--30}
)

@article(	tak85
,author=	{Takagi, H. and Kleinrock, L.}
,title=		{Throughput Analysis for Persistent {CSMA} Systems}
,journal=	{IEEE Transactions on Communications}
,year=		1985
,volume=	33
,number=	7
,month=		jul
,pages=		{627--638}
)

@article(	grh92
,author=	{Greenberg, A.G. and Hajek, B.}
,title=		{Deflection Routing in Hypercube Networks}
,journal=	{IEEE Transactions on Communications}
,year=		1992
,volume=	40
,number=	6
,month=		jun
,pages=		{1070-1081}
)

@article(	bsw69
,author=	{Bartlett, K.A. and Scantlebury, R.A. and Wilkinson, P.T.}
,title=		{A Note on Reliable Full-duplex Transmission Over Half-duplex Lines}
,journal=	{Communications of the ACM}
,year=		1969
,volume=	12
,number=	5
,pages=		{260--265}
)

@article(	lyn68
,author=	{Lynch, W.C.}
,title=		{Reliable Full-duplex Transmission Over Half-duplex Telephone Lines}
,journal=	{Communications of the ACM}
,year=		1968
,volume=	11
,number=	6
,pages=		{407--410}
)

@book(		tao88
,author=	{Tangey, B. and O'Mahony, D.}
,title=		{Local Area Networks and their applications}
,publisher=	{Prentice-Hall International (UK) Ltd.}
,year=		1988
)

@book(		lip91
,author=	{Lippman, S.B.}
,title=		{{C}++ Primer}
,publisher=	{Addison-Wesley}
,year=		1991
)

@book(		str91
,author=	{Stroustrup, B.}
,title=		{The {C}++ Programming Language}
,publisher=	{Addison-Wesley}
,year=		1991
)

@book(		tan81
,author=	{Tanenbaum, A.S.}
,title=		{Computer Networks}
,publisher=	{Prentice-Hall}
,year=		1981
,address=	{Englewood Cliffs, New Jersey}
)

@book(		tan88
,author=	{Tanenbaum, A.S.}
,title=		{Computer Networks}
,publisher=	{Prentice-Hall}
,year=		1988
,address=	{Englewood Cliffs, New Jersey}
,note=		{Second edition}
)

@article(	tbf83
,author=	{Tobagi, F.A. and Borgonovo, F. and Fratta, L.}
,title=		{Express-net: {A} high-performance integrated-services local area network}
,journal=	{IEEE Journal on Selected Areas in Communication}
,month=         nov
,volume=	1
,number=	5
,year=		1983
,pages=		{898-913}
)

@article(	sai91
,author=	{Saito, H.}
,title=		{Dynamic Call Admission in {ATM} Networks}
,journal=	{IEEE Journal on Selected Areas in Communication}
,volume=	9
,number=	7
,year=		1991
,pages=		{982-989}
)

@article(	tof83a
,author=	{Tobagi, F.A. and Fine, M.}
,title=		{Performance of Unidirectional Broadcast Local Area Networks: {E}xpressnet and {F}asnet}
,journal=	{IEEE Journal on Selected Areas in Communication}
,month=         nov
,volume=	1
,number=	5
,year=		1983
,pages=		{913-926}
)

@article(	str89
,author=	{Stroustrup, B.}
,title=		{Multiple Inheritance in {C}++}
,journal=	{USENIX Computer Systems}
,volume=	2
,number=	4
,year=		1989
)

@article(	tep72
,author=	{Teorey, T.J. and Pinkerton, T.B.}
,title=		{A Comparative Analysis of Disk Scheduling Policies}
,journal=	{Communications of the ACM}
,volume=	15
,number=	3
,month=         mar
,year=		1972
,pages=		{177-184}
)

@article(	tof83
,author=	{Tobagi, F.A. and Fine, M.}
,title=		{Performance of Unidirectional Broadcast Local Area Networks: {E}xpressnet and {F}asnet}
,journal=	{IEEE Journal on Selected Areas in Communications}
,month=		nov
,year=		1983
,volume=	1
,pages=		{913--926}
)

@article(	toh80
,author=	{Tobagi, F.A. and Hunt, V.B.}
,title=		{Performance Analysis of Carrier Sense Multiple Access with Collision Detection}
,journal=	{Computer Networks}
,year=		1980
,volume=	4
,number=	5
,month=		oct
,pages=		{245--259}
)

@inproceedings(	trb85
,author=	{Trybulec, A. and Blair, H.}
,title=		{Computer Assisted reasoning with {M}izar}
,booktitle=	{Proceedings of the 9th IJCAI}
,year=		1985
,address=	{Los Angeles, Ca.}
,pages=		{26--28}
)

@inproceedings(	trb85a
,author=	{Trybulec, A. and Blair, H.}
,title=		{Computer Aided Reasoning}
,booktitle=	{Logic of Programs, LNCS 193}
,year=		1985
,editor=	{R. Parikh}
,publisher=	{Springer Verlag}
)

@article(	try89
,author= 	{Trybulec, A.}
,title=		{Mizar Syntax}
,journal=	{Studies in Logic, Grammar, and Rhetorics}
,volume=	6
,year= 		1989
,note=		{To appear.}
)

@article(	tsc83
,author=	{Tseng, C. and Chen, B.}
,title=		{D-Net: A new Scheme for High Data Rate Optical Local Area Networks}
,journal=	{IEEE Journal on Selected Areas in Communications}
,volume=	1
,number=	3
,month=		apr
,year=		1983
,pages=		{493--499}
)

@inproceedings(	uwa81
,author=	{Ulug, M.E. and White, G.M. and Adams, W.J.}
,title=		{Bidirectional token flow system}
,booktitle=	{Proceedings of the 7th Data Communication Symposium}
,year=		1981
,month=		oct
,address=	{Mexico City, Mexico}
)

@techreport(	wal87
,author=	{Walker, D.}
,title=		{Introduction to Calculus of Communicating Systems}
,institution=	{University of Edinburgh, Department of Computer Science}
,type=		{ECS-LCFS-87-22}
,year=		1987
)

@inproceedings(	wat92
,author=	{Watson, G. and Tohm\'{e}, S.}
,title=		{A Performance Analysis of {S}++: A {MAC} Protocol for High Speed Networks}
,booktitle=	{IFIP Workshop on Protocols for High-Speed Networks}
,year=		1992
,month=		may
,address=	{Stockholm, Sweden}
)

@article(	wit81
,author=	{Wittie, L.D.}
,title=		{Communication Structures for Large Networks of Microcomputers}
,journal=	{IEEE Transactions on Computers}
,volume=	30
,number=	4
,month=		apr
,year=		1981
,pages=		{254--273}
)

@techreport(	won89
,author=	{Wong, J.W.}
,title=		{Fairness, Priority, and Predictability of the {DQDB} {MAC} Protocol under Heavy Load}
,institution=	{IBM Research Division, Zurich Research Laboratory}
,type=		{RZ 1929 (\#68259) 12/29/89}
,year=		1989
)

@inproceedings(	woy85
,author=	{Wong, P.C. and Yum, T.S.}
,title=		{A Multichannel Computer Network with Local and Global Transceiving Media}
,booktitle=	{Proceedings of IEEE INFOCOM'85}
,pages=		{142--150}
,year=		1985
)

@article(	wuf90
,author=	{Wu, K.L. and Fuchs, W.K.}
,title=		{Recoverable Distributed Shared Virtual Memory}
,journal=	{IEEE Transactions on Computers}
,volume=	39
,number=	4
,month=		apr
,year=		1990
,pages=		{460--469}
)













@book(          lak91
,author=        {Law, A.M. and Kelton, W.D.}
,title=         {Simulation Modeling \& Analysis}
,publisher=     {McGraw-Hill}
,year=          1991
,note=          {second edition}
,KEYWORDS="general simulation, random number generation, tools"
)

@article(       ltw94
,author=        {Leland, W.E. and Taqqu, M.S. and Willinger, W. and Wilson, D.V.}
,title=         {On the Self-Similar Nature of {E}thernet Traffic}
,journal=       {IEEE Transactions on Networking}
,volume=        2
,number=        1
,month=         feb
,year=          1994
,pages=         {1--15}
)

@INPROCEEDINGS{paf94,
AUTHOR="Paxson, Vern and Floyd, Sally",
TITLE="Wide-area traffic: the failure of {Poisson} modeling",
BOOKTITLE={Proceedings of SIGCOM'94},
ORGANIZATION="ACM",
ADDRESS="London, United Kingdom",
MONTH=aug,
YEAR=1994
}

@INPROCEEDINGS{www94,
AUTHOR={Walch, Markus and Wolisz, Adam and Wolf-G\"unther, J.},
TITLE="Visualization and Performance Analysis of Formally Specified
Communication Protocols",
BOOKTITLE="Proceedings of MASCOTS'94",
ADDRESS="Durham, North Carolina, USA",
PAGES="284--291",
MONTH=jan,
YEAR=1994,
ABSTRACT="There is an increasing interest in developing
performance-enhanced extensions of standardised FDTs. In this paper we
present how simulation and visualization of performance-extended formal
specifications can be efficiently supported by the use of a high-level
simulation environment. Requirements for selection of a proper
environment are formulated, and the design principles for a software
package, build on top of this environment are presented. The developed
software supports both editing and animated stepwise execution of the
specifications using peculiar concepts like: actions, processes,
operators etc. In addition the execution of simulation with collection
of statistical data and deadlock detection, as well as graphical
presentation of results are supported.",
KEYWORDS="formal methods; protocol specification; TIS; software tools",
URL="ftp://ftp.fokus.gmd.de/pub/docs/minos/mwa-Visualization-Mascots94.ps",
ENTRYBY=Sc
}

@ARTICLE{lac94,
AUTHOR="Law, Averill M. and McComas, Michael G.",
TITLE="Simulation software for communication networks: the state of the
art",
JOURNAL={IEEE Communications Magazine},
VOLUME=32,
NUMBER=3,
PAGES="44--51",
MONTH=mar,
YEAR=1994,
REFERENCES=15,
ABSTRACT="In the last five to ten years, simulation has been used with
greater frequency to analyze communication networks, due in part to the
increased number of networks in existence and to their greater
complexity.",
KEYWORDS="simulation; tools",
ENTRYBY=Sc
}

@ARTICLE{sab94,
AUTHOR="Saulnier, Emilie T. and Bortscheller, Betty J.",
TITLE="Simulation model reusability",
JOURNAL={IEEE Communications Magazine},
VOLUME=32,
NUMBER=3,
PAGES="64--69",
MONTH=mar,
YEAR=1994,
REFERENCES=13,
ABSTRACT="Simulation packages do not provide an effective infrastructure
for reusing models, but reuse will become a reality as more tools
provide database capabilities and other features.",
KEYWORDS="simulation; reuse; software engineering",
ENTRYBY=Sc
}

@ARTICLE{frm94,
AUTHOR="Frost, Victor S. and Melamed, Benjamin",
TITLE="Traffic modeling for telecommunications networks",
JOURNAL={IEEE Communications Magazine},
VOLUME=32,
NUMBER=3,
PAGES="70--81",
MONTH=mar,
YEAR=1994,
REFERENCES=50,
ABSTRACT="As new communication services evolve, professionals must
create better models to predict system performance.",
KEYWORDS="modeling; traffic models; TES; simulation",
ENTRYBY=Sc
}

@INPROCEEDINGS{gst93,
AUTHOR="Georgiadis, L. and Szpankowski, W. and Tassiulas, L.",
TITLE="Stability Analysis of Scheduling Policies in Ring Networks with Spatial Reuse",
BOOKTITLE={Proceedings of 21'st Annual Allerton Conference on Communication,
Control, and Computing},
ADDRESS="Allerton, Ill.",
PAGES="1109--1119",
YEAR=1993
}

@ARTICLE{sag94,
AUTHOR="Stamoulis, G. D. and Anagnostou, M. E. and Georgantas, A. D.",
TITLE="Traffic source models for {ATM} networks: a survey",
JOURNAL={Computer Communications},
VOLUME=17,
NUMBER=6,
PAGES="428-438",
MONTH=jun,
YEAR=1994,
REFERENCES=26,
ABSTRACT="Selecting appropiate models of ATM traffic sources is an
important issue, since it is closely related to the successful design
and efficient performance of the ATM networks to be built in the future.
For the three basic categories of sources -voice, data and video-,
numerous source models have been proposed in the literature. In this
paper, we summarize the main features of each of these categories, and
present a survey of related models. We argue that it is preferable to
select a set of standard source models rather than a single such model.
We define a set of criteria to be used in the selection, and choose
appropiate source models accordingly.",
KEYWORDS="traffic source models; selection criteria; ATM",
ENTRYBY=Do
}

@INPROCEEDINGS{tag94,
AUTHOR="Tassiulas, L. and Georgiadis, L.",
TITLE="Any Work-Conserving Policy Stabilizes the Ring with Spatial Reuse",
BOOKTITLE={Proceedings of IEEE INFOCOM'94},
ADDRESS="Toronto, Canada",
MONTH=jun,
PAGES="66--70",
YEAR=1994,
ABSTRACT="We consider the ring network with spatial reuse. Traffic
streams may enter and exit the network at any node. The burstiness of
each traffic stream is bounded by a deterministic bound. A transmission
policy specifies at each time which traffic stream will be transmitted
at the outgoing link by each node. We provide an upper bound on the
asymptotic backlog of the ring that holds for all work- conserving
policies and is independent of the initial conditions. This bound
remains finite as long as the maximum load of every link is less than
one. The latter condition is also necessary for the existence of an
asymptotic bound that is independent of the initial conditions.",
KEYWORDS="Stability; Work-conserving policies; Ring",
ENTRYBY=Do
}

@INPROCEEDINGS{brm94,
AUTHOR="Breuer, Simone and Meuser, Thomas",
TITLE="Enhanced Throughput in Slotted Rings Employing Spatial Slot Reuse",
BOOKTITLE={Proceedings of IEEE INFOCOM'94},
ADDRESS="Toronto, Canada",
MONTH=jun,
PAGES="1120--1129",
YEAR=1994,
ABSTRACT="A cell based MAC protocol provides both efficient bandwidth
utilisation and easy interfacing with the emerging ATM technology.
Therefore the slotted approach is being favoured for data transmission
and admission control in distributed LANs operating at data rates of
more than one Gbit/s. Spatial slot reuse through destination release has
been found to be the most effective way towards improving system
throughput. That basic mechanism, however, is unfair by giving
preference to stations positioned upstream in the ring circulation
direction. This contribution discusses approaches for an asynchronous
media access control in slotted rings. After a general overview of
system throughput obtained by an analytical model, the feasibility of
various MAC proposals called ATMR, CRMA-I, Distributor, and MetaRing are
compared based on simulation results. Differences in the mechanisms are
analysed with a particular respect to the tradeoff between high
throughput and the guarantee of bounded packet delays. It is shown, that
all approaches are generally suitable to meet the requirements of the
new LAN generation.",
KEYWORDS="Local Area Networks; Performance Evaluation; Network Protocols",
ENTRYBY=Do
}

@INPROCEEDINGS{shs94,
AUTHOR="Sharon, Oran and Segall, Adrian",
TITLE="On the Efficiency of Slot Reuse in the Dual Bus Configuration",
BOOKTITLE={Proceedings of IEEE INFOCOM'94},
ADDRESS="Toronto, Canada",
MONTH=jun,
PAGES="758--765",
YEAR=1994,
ABSTRACT="Slot reuse is a simple method to improve the efficiency of
MACs designed for the slotted, Dual Bus configuration. In this paper we
propose several schemes for the assignment of throughput to stations in
this configuration, taking into account slot reuse and assuming uniform
traffic. The criteria for comparison of the schemes are throughput gain,
worst message queueing and access delays at stations and the fraction of
blocked messages. It turns out that the throughput gain in the scheme in
which every station receives the same throughput is relatively low but
it is the most attractive scheme is relation to the other criteria.",
ENTRYBY=Do
}

@INPROCEEDINGS{cgg94,
AUTHOR="Cidon, I. and Georgiadis, L. and Guerin, R. and Shavitt, Y.",
TITLE="Improved Fairness Algorithms for Rings with Spatial Reuse",
BOOKTITLE={Proceedings of IEEE INFOCOM'94},
ADDRESS="Toronto, Canada",
PAGES="1103--1111",
MONTH=jun,
YEAR=1994,
ABSTRACT="Improves SAT.
Ring network architectures that employ spatial reuse permit
concurrent transmissions of messages over different links. While spatial
reuse increases network throughput, it may also cause starvation of
nodes. To alleviate this problem, various policies have been suggested
in the literature. In this paper we concentrate on a class of such
policies that achieve fairness by allocating transmission quotas to
nodes. For such policies, we provide mechanisms for improving delays and
increasing overall throughput without compromising fairness.",
KEYWORDS="Local Area Networks; Ring Networks; Spatial Reuse; Fair
Policies; Delay ;Throughput Performance",
ENTRYBY=Do
}

@INPROCEEDINGS{wis94,
AUTHOR="Willebeek-LeMair, Marc and Shahabuddin, Perwez",
TITLE="Approximating Dependability Measures of {FDDI} Networks",
BOOKTITLE={Proceedings of IEEE INFOCOM'94},
ADDRESS="Toronto, Canada",
PAGES="1372--1381",
MONTH=jun,
YEAR=1994,
ABSTRACT="An approximation technique is presented to evaluate the
dependability of computer networks. This technique, based on the most
likely paths to failure, is simple and practical. It may easily be
applied by a network designer in evaluating and comparing different
network configurations. The approximation technique is applied to a
variety of FDDI network configurations. The effect of certain network
parameters on the network availability are examined. From these results
we conclude that, in order to guarantee high availability, an FDDI
network backbone should be interconnected using dual attachment
concentrators. Furthermore, dual-homing configurations are required for
high availability paths between end-stations and the backbone. For less
stringent availability requirements, single attachment concentrator
trees with single attachment stations may suffice.",
KEYWORDS="Dependability; Network; FDDI; Failure Paths",
ENTRYBY=Do
}

@INPROCEEDINGS{yis94,
AUTHOR="Yin, Jiahnsheng and Silio, Jr., Charles B.",
TITLE="Reliability of {FDDI}'s Dual Homing Network Architecture",
BOOKTITLE={Proceedings of IEEE INFOCOM'94},
ADDRESS="Toronto, Canada",
PAGES="1382--1389",
MONTH=jun,
YEAR=1994,
ABSTRACT="We analyze the reliability of two FDDI computer communication
network architectures and make comparisons; these structures are a
fault-tolerant dual-homing ring of trees and a failsoft ring of trees.
We calculate the probability P[h(s,t)] that two arbitrarily positioned
terminal stations (s and t) can communicate by deriving closed-form
polynomial expressions for P[h(s,t)] in terms of component failure
probabilities. The new expression for dual homing permits efficient
quantitative reliability comparis- ons for networks with an arbitrary
number of terminal stations, an arbitrary number of concentrator tree
root pairs in the counter rotating dual ring, and varying numbers of
ports in the concentrators.",
KEYWORDS="Fault-tolerance; ring networks; dual homing; FDDI; token
rings; failsoft; ring of trees; reliability; availability",
ENTRYBY=Do
}

@INPROCEEDINGS{hel94,
AUTHOR="Heyman, D. P. and Lakshman, T. V.",
TITLE="Source Models for {VBR} Broadcast-Video Traffic",
BOOKTITLE={Proceedings of IEEE INFOCOM'94},
ADDRESS="Toronto, Canada",
PAGES="664--671",
MONTH=jun,
YEAR=1994,
ABSTRACT="Traffic from video services is expected to be a substantial
portion of the traffic carried by emerging broadband integrated
networks. For variable bit rate (VBR) coded video, statistical source
models are needed to design networks that achieve acceptable picture
quality at minimum cost, and to design traffic shaping and control
mechanisms. For video teleconference traffic, we have shown (in a prior
paper) that traffic is sufficiently accurately characterized by a
multi-state Markov chain model that can be derived from three traffic
parameters (mean, correlation, and variance). In this paper, we describe
modeling results for sequences with frequent scene changes (the
previously studied video teleconferences have very little scene
variation) such as entertainment television, news, and sports
broadcasts. We analyze eleven long sequences of broadcast video traffic
data. Unlike video teleconferences, the different sequences studied here
have different details regarding distributions of cells per frame. We
present source models applicable to the different sequences and evaluate
their accuracy as predictors of cell losses in Asynchronous Transfer
Mode (ATM) networks.",
KEYWORDS="Packet video; asynchronous transfer mode networks; traffic
models; bandwidth allocation; congestions avoidance",
ENTRYBY=Do
}

@INPROCEEDINGS{alv94,
AUTHOR="Ali, Irfan and Vastola, Kenneth S.",
TITLE="The Shifting Cycle-Gated {SCG} Protocol for High Speed Bus
Networks",
BOOKTITLE={Proceedings of IEEE INFOCOM'94},
PAGES="1112--1119",
ADDRESS="Toronto, Canada",
MONTH=jun,
YEAR=1994,
ABSTRACT="U-Net+H-Net.
The exhaustive cycle-gated (ECG) scheme was proposed as a high
throughput access mechanism for high speed bus protocols like Expressnet
and Fasnet. However, the ECG scheme exhibits unfairness to downstream
station which suffer higher mean and variance of waiting time. In this
paper we propose and analyze a new cycle-gated scheme, the shifting
cycle-gated (SCG) scheme, on the Expressnet topology. We demonstrate
that the SCG scheme is fair to all the stations in the sense that the
mean and variance of the waiting time are the same for all stations,
irrespective of the spatial distribution of the stations on the bus and
the service time distribution of the packets at the stations, for
uniform load. The SCG scheme achieves this fairness by shifting the
order of service of stations from one cycle to the next. Our analysis
methodology uses space-time diagrams to derive expressions for the
moment generating function, mean and variance of the waiting time under
assumptions of independent nonsymmetric Poisson arrival processes at N
stations on the bus. Extensive numerical results illustrate the behavior
of the SCG protocol.",
KEYWORDS="high speed protocols; performance evaluation; bus networks;
multiple access",
ENTRYBY=Do
}

@INPROCEEDINGS{kaz94,
AUTHOR="Kamat, Sanjay and Agrawal, Gopal and Zhao, Wei",
TITLE="Available Bandwidth in {FDDI-Based} Reconfigurable Networks",
BOOKTITLE={Proceedings of IEEE INFOCOM'94},
ADDRESS="Toronto, Canada",
MONTH=jun,
PAGES="1390--1397",
YEAR=1994,
ABSTRACT="Networks used in mission-critical applications must be highly
fault-tolerant. We propose an FDDI-Based Reconfigurable Network (FBRN)
that can survive multiple faults. An FBRN consists of multiple FDDI
trunk rings and has the ability to reconfigure itself in the face of
extensive damage. We consider three classes of FBRNs depending on their
degree of reconfigurability: N-FBRN (non- reconfigurable), P-FBRN
(partially reconfigurable) and F- FBRN (fully reconfigurable). We
analyze the performance of FBRNs in terms of their available bandwidth
in the presence of faults. In mission-critical systems, it is not enough
to ensure that the network is connected in spite of faults; the traffic
carrying capacity of the network must be sufficient to guarantee the
required quality of service. We present a probabilistic analysis of the
available bandwidth of FBRNs given the number of faults. We find that a
fully reconfigurable FBRN can provide a high available bandwidth even in
the presence of a large number of faults. A partially reconfigurable
FBRN is found to be an excellent compromise between high reliability and
ease of implementation.",
KEYWORDS="FDDI; Fault Tolerance; Available Bandwidth; Reconfigurable
Networks; Network Management",
ENTRYBY=Do
}

@INPROCEEDINGS{hwm94,
AUTHOR="Hassanein, H. S. and Wong, J. W. and Mark, J. W.",
TITLE="An Effective Erasure Node Algorithm for Slot Reuse in {DQDB}",
BOOKTITLE={Proceedings of IEEE INFOCOM'94},
ADDRESS="Toronto, Canada",
PAGES="1302--1309",
MONTH=jun,
YEAR=1994,
ABSTRACT="The Distributed Queue Dual Bus (DQDB) protocol, which has been
specified by the IEEE 802.6 as the Metropolitan Area Networks (MANs)
standard, has an undesirable feature that busy slots that has been
already received (i.e. read) continue to propagate downstream
unnecessarily. The use of special nodes, known as erasure nodes, allows
conversion of read slots to empty, so that downstream nodes may reuse
these slots. This should result in an increase of the total throughput
of the network. In this paper, we introduce and evaluate the performance
of an erasure node algorithm. The algorithm keeps track of past
activities on both busses to effectively balance the slot erasure and
the request cancellation functions. We show that this algorithm
possesses a number of features which make it superior to existing
algorithms.",
KEYWORDS="DQDB; spatial reuse; erasure nodes; performance evaluation;
MAN",
ENTRYBY=Do
}

@INPROCEEDINGS{dhp77,
AUTHOR="Davidson, J. et al",
TITLE="The Arpanet {TELNET} protocol: its purpose, principles,
implementation, and impact on host operating system design",
BOOKTITLE="Proceedings of the Fifth Data Communications Symposium",
ORGANIZATION="ACM, IEEE",
ADDRESS="Snowbird, Utah",
PAGES="4-10---4-18",
MONTH=sep,
YEAR=1977,
KEYWORDS="network applications; terminal emulation; Internet; operating
systems",
ENTRYBY=Sc
}

@INPROCEEDINGS{azt95,
AUTHOR="Addie, R.G. and Zukerman, M. and Neame, T.",
TITLE="Fractal Traffic: Measurements, Modeling and Performance
Evaluation",
BOOKTITLE="Proceedings of INFOCOM'95",
ADDRESS="Boston, Massachusetts",
MONTH=apr,
YEAR=1995,
ABSTRACT="Observations of both Ethernet traffic and variable bit rate
(VBR) video traffic have demonstrated that these traffics exhibit
``self-similarity'' and/or infinite asymptotic index of dispersion for
counts (IDC). We report here on measurements of traffic in a commercial
public broadband network where similar characteristics have been
observed. For the purpose of analysis and dimensioning of the central
links of an ATM network we analyze in this paper the performance of a
single server queue fed by Gaussian traffic with infinite IDC. The
analysis leads to an approximation for the performance of a queue in
which the arriving traffic is ``fractal'' Gaussian and consequently
where there does not exist a dominant negative-exponential tail. The
term ``fractal'' is used here in the sense that the autocovariance of
the traffic exhibits self-similarity, that is to say, where the
autocovariance of an aggregate of the traffic is the same, or
asymptotically the same for large time lags, as the original traffic. We
are not concerned with proving or exploiting this self-similarity
property as such, but only with performance analysis techniques which
are effective for such processes. In order to be able to test the
performance analysis formulae, we show that traffic with the same
autocovariance as measured in a real network over a wide range of lags
(sufficiently wide a range for the traffic to be equivalent from the
point of view of queueing performance) can be generated as a mixture of
two Gaussian AR(1) processes. In this way we demonstrate that the
analytic performance formulae are accurate.",
KEYWORDS="Traffic modeling, Fractal traffic, long-term correlation,
queueing analysis, performance evaluation, measurements, autoregressive
processes, Gaussian processes, statistical multiplexing, ATM networks,
BISDN, packet switching",
ENTRYBY=Sc
}

@ARTICLE{qfr78,
AUTHOR="McQuillan, J. M. and Falk, G. and Richer, I.",
TITLE="A review of the development and performance of the {ARPANET}
routing algorithm",
JOURNAL="IEEE Transactions on Communications",
VOLUME="26",
PAGES="1802--1811",
MONTH=dec,
YEAR=1978,
ENTRYBY=miya
}

@ARTICLE{qui80,
TITLE="The New Routing Algorithm for the {ARPANET}",
AUTHOR="McQuillan, J.",
JOURNAL="IEEE Transactions on Communications",
VOLUME="28",
MONTH=may,
YEAR=1980,
PAGES="711--719",
KEYWORDS="routing; ARPAnet; Internet",
ENTRYBY=Sn
}
